2818 5032
156 385 160 394 '
267 391 332 454 284
421 461 423 466 ,
642 411 711 456 cor.
736 392 789 460 lV.
820 413 905 458 vrrs.
930 398 961 472 6.

265 577 334 640 tior
365 572 486 666 agate?
519 575 564 644 cf.
596 573 689 667 apt.
721 577 766 648 V:
799 581 858 655 20,
878 575 933 642 ubi
954 575 1081 642 dictioni
1105 573 1324 663 εδχαραταῦντες

136 773 140 782 Ι
264 687 343 776 dario
360 685 484 758 πάττων
502 687 692 754 Adverbium
714 683 841 756 πάντοτε
859 691 1058 756 interiectum
1077 701 1131 755 est.
1176 689 1238 754 Nec
1257 687 1325 752 diffi-

267 801 416 866 cultatem
433 801 514 888 parit
530 796 641 868 cidem
660 802 873 888 interpretatio
883 807 972 868 anmi
986 807 1023 868 in
1044 827 1082 868 re
1101 807 1121 870 2
1139 801 1272 871 Cor.lll:
1283 804 1324 876 11,

250 915 293 980 si
312 915 433 980 Graeca
452 917 487 982 o
504 917 596 983 παντὶ
615 912 844 1000 πλουτιζόμενοι
864 915 908 982 sic
929 915 1132 1001 explicamus:
1161 917 1247 980 omaro
1259 914 1327 978 dono

266 1029 453 1117 insigniori
469 1027 597 1094 abunde
606 1033 780 1094 instructi:
792 1029 888 1094 immo
899 1027 981 1095 banc
990 1037 1127 1094 mentem
1138 1028 1327 1104 auctoritem

266 1141 407 1229 cogimus
419 1144 485 1206 cxl
510 1141 589 1210 Gor.
608 1141 641 1207 l:
667 1148 697 1209 5.
726 1142 874 1207 Similiter
893 1164 1033 1221 rancura,
1050 1141 1328 1228 cumGap.Vll:16

267 1253 405 1320 eiusdem
426 1252 580 1340 Epistolae
602 1253 681 1320 aiat:
709 1255 824 1339 χαίρω,
842 1246 891 1321 ὅτι
909 1256 944 1322 ἐν
963 1255 1054 1321 παντὶ
1073 1253 1187 1342 &odgini
1206 1255 1238 1320 ἒν
1255 1252 1329 1335 ὑμῖν,

266 1367 370 1436 dicere
388 1368 485 1434 velle:
505 1367 639 1459 gaudeo
657 1367 746 1432 nobil
761 1388 849 1449 cese,
864 1365 954 1456 quod
967 1370 1002 1432 a'n
1019 1367 1110 1432 vobis
1120 1366 1272 1456 glon'crn'
1279 1385 1327 1428 non

265 1486 390 1568 oraim,
416 1480 500 1548 baud
519 1481 601 1565 scio,
624 1503 665 1547 an
689 1491 835 1568 appareat
856 1503 893 1546 ex
914 1501 957 1546 rs.
979 1483 1030 1546 14.
1075 1479 1113 1545 Et
1129 1479 1204 1564 Cap.
1223 1479 1281 1544 Xl:
1301 1481 1330 1550 9,
1387 1513 1388 1518 κ

266 1598 292 1662 si
311 1599 346 1664 ἐν
365 1596 459 1664 παντί
475 1593 616 1660 redditur
639 1598 729 1662 omni
746 1597 782 1660 in
799 1616 854 1684 re,
873 1591 933 1661 hoo
950 1591 1150 1686 referendum
1172 1605 1219 1658 est
1236 1591 1272 1656 ad
1291 1611 1331 1654 ro-

266 1731 336 1778 cem
362 1707 536 1797 ὑστέρημα,
567 1731 648 1798 quae
672 1708 838 1795 praecedit.
885 1709 991 1775 Restat
1019 1707 1135 1774 ibidem
1152 1729 1199 1772 rs.
1220 1712 1240 1774 6
1262 1705 1332 1770 locus

266 1823 359 1910 paulo
381 1823 572 1920 impeditior:
605 1823 671 1891 ἀλλ’
698 1827 732 1892 ἐν
760 1823 852 1894 παντὶ
878 1820 1106 1912 portem-idme
1134 1825 1168 1888 ἓν
1195 1827 1283 1890 πᾶσιν
1304 1822 1334 1895 εἷς

265 1937 349 2021 ὑμᾶς
399 1936 460 2005 Sed
489 1937 536 2002 uti
565 1937 659 2004 verba
690 1941 725 2006 ἓν
743 1943 837 2006 πᾶσιν
867 1935 906 2006 ad
927 1937 1071 2002 homines
1097 1933 1258 2000 reserenda
1278 1940 1334 1996 sunt

266 2049 424 2116 distinctos
448 2072 467 2116 a
489 2055 553 2128 τοῖς
571 2049 715 2138 ineptior
734 2044 912 2128 ἀποστόλοις
937 2071 980 2116 vs.
1012 2055 1049 2128 5,
1073 2049 1117 2114 sic
1135 2045 1335 2135 praecedentia

140 2247 143 2254 r
193 2203 195 2208 ·
265 2165 300 2230 ἐν
319 2164 412 2232 παντί
428 2160 482 2228 bic
502 2183 629 2250 quoque
650 2161 827 2250 explicanda
850 2161 994 2228 videntur
1011 2165 1099 2226 omni
1117 2165 1153 2226 itt
1175 2184 1225 2226 re.
1268 2157 1335 2226 Nihil

265 2288 351 2344 certe
380 2275 574 2364 culpandum
604 2287 697 2364 puto,
722 2277 747 2342 si
769 2274 898 2342 orationi
916 2275 1002 2344 hunc
1019 2297 1143 2342 sensnm
1168 2275 1334 2340 tribuimus:

265 2391 327 2456 sed
355 2394 444 2456 orani
467 2394 503 2456 io
531 2413 569 2456 re
595 2395 735 2456 omnimo
755 2392 917 2458 bominum
938 2394 1062 2456 aurinis
1079 2389 1163 2456 adeo
1186 2408 1335 2456 commeo-

267 2503 360 2588 dati,
389 2513 428 2570 ut
456 2504 547 2570 vobis
579 2505 731 2570 illustres
759 2507 874 2574 simus.
921 2504 1028 2587 Quid?
1054 2502 1140 2592 quod
1168 2525 1228 2568 vox
1254 2501 1337 2590 μηδὲν

267 2642 311 2686 rs.
344 2625 363 2686 5
397 2619 468 2686 satis
497 2619 661 2706 perspicue
689 2618 837 2700 indicat„
855 2619 1022 2684 formulam
1048 2622 1083 2685 ἓν
1108 2619 1205 2686 παντί
1231 2616 1282 2682 bic
1305 2615 1337 2678 ita

267 2732 449 2798 sumendam
481 2755 556 2799 esse.
602 2731 664 2798 Sed
684 2732 783 2820 magis
803 2733 968 2820 perspicue
990 2731 1099 2832 cadem
1119 2753 1178 2796 ror
1201 2727 1335 2800 ostendo,

177 2852 180 2858 '
266 2843 511 2912 admonitionem
544 2845 830 2935 Philippensium,
869 2868 932 2932 qua
966 2867 1053 2929 nunc
1085 2866 1293 2930 occupamur,
1323 2861 1337 2902 a

267 2981 495 3026 onnrsosrouo
517 2969 548 3024 et
562 2957 719 3046 plerisque
729 2961 797 3029 VV.
807 2959 871 3028 DD.
883 2959 964 3024 bene
979 2959 1171 3046 intellectam
1189 2980 1264 3036 esse,
1277 2973 1337 3020 cum

265 3073 432 3139 formidem
460 3073 547 3138 illam
576 3072 852 3159 interpretarentur
880 3075 916 3136 τά
942 3075 1032 3138 omni
1049 3093 1117 3151 re„
1138 3093 1237 3158 quam
1257 3089 1337 3140 narr·

267 3207 479 3256 connumerans
500 3185 620 3272 ubique
640 3185 781 3252 locorum
799 3161 870 3252 ¹eius
890 3185 1049 3268 notionem
1071 3207 1135 3252 esse
1152 3185 1240 3252 vidit.

311 3279 433 3378 lietera,
468 3321 549 3388 quac
582 3299 643 3366 hoc
656 3321 758 3364 -versu
779 3300 991 3377 continentur,
1020 3298 1123 3364 minus
1150 3297 1338 3386 ambiguitate

266 3412 418 3480 laborant.
463 3411 557 3496 Quod
587 3413 672 3477 enim
702 3412 919 3478 admonitionis
941 3423 1090 3499 tanquam
1111 3423 1207 3498 caput
1228 3405 1339 3476 estad

266 3519 419 3612 αἰτήματα
437 3550 528 3610 αμων
547 3523 744 3615 γνωριζέσθω
764 3523 838 3613 unde
856 3522 909 3592 τδτ
930 3520 1022 3606 (deda,
1043 3524 1189 3611 equidem
1206 3548 1271 3590 non
1292 3523 1337 3588 dtr·

263 3617 348 3718 bito,
381 3637 457 3726 quin
487 3639 656 3727 imaginem
675 3638 764 3704 nohis
785 3642 954 3725 proponat,
957 3639 1155 3742 aregibus,
1177 3639 1236 3726 qui
1257 3637 1339 3703 mini-

266 3763 401 3819 strorum
422 3774 536 3818 corona
559 3753 660 3839 stipati
678 3751 791 3818 throno
810 3751 972 3832 insideant,
986 3775 1022 3818 ex
1034 3752 1250 3819 Hebraeorum
1266 3769 1340 3818 more

264 3865 305 3934 ed
323 3866 425 3932 Deum
445 3865 631 3934 translatam.
663 3868 701 3934 Et
721 3865 861 3932 consulte
881 3886 998 3934 rannus
1017 3866 1121 3936 Verbo
1142 3865 1270 3954 γνωριζέ
1270 3869 1338 3940 nto,

265 3979 351 4067 quod
369 3979 464 4068 rulgo
478 3979 620 4066 sequitur
636 3979 778 4059 bativus,
795 3949 941 4046 adiecisse
952 3979 1073 4046 videtur
1094 3978 1178 4069 πρός
1187 3977 1244 4047 τόν
1263 3972 1339 4052 Oria,

193 4180 198 4189 s
266 4104 302 4160 ut
321 4094 427 4182 genios
448 4093 611 4170 coelestes,
636 4115 739 4159 coram
749 4095 814 4160 Deo
832 4103 945 4160 stantes
957 4093 1340 4178 adiussaeiusexsequen-

265 4205 326 4306 dap
341 4206 506 4273 lectoribus
529 4229 593 4273 non
614 4205 718 4272 minus
737 4211 993 4294 repraesentaret,
1013 4231 1107 4297 quarn
1124 4209 1231 4296 ipsum
1252 4209 1340 4272 Deum

266 4318 382 4390 nullius
400 4322 444 4390 rei
457 4322 611 4409 ignarum.
634 4322 813 4392 Orationem
833 4345 906 4392 roro
921 4320 1179 4410 liguratamsicin
1190 4318 1342 4410 propriam
