2808 5032
281 395 345 458 238
563 415 631 458 car.
656 393 708 459 lll.
732 415 817 460 vans.
842 398 892 473 10,
920 399 970 472 ll,
997 401 1045 462 12.

279 602 312 644 se
330 579 408 642 sorte
430 579 582 644 beatitatis
604 579 786 668 participem
809 599 872 642 nun
890 581 964 645 sore.
988 579 1169 646 Huiusmodi
1189 581 1329 646 eniniure

279 704 327 756 tus
345 710 440 778 quam
460 692 552 778 longe
570 693 610 756 ab
629 713 666 756 eo
686 693 939 776 remotusiuerit,
962 693 1074 758 docent
1089 693 1170 783 Cap.
1189 695 1263 759 1:21
1277 717 1329 781 sqq.

278 804 337 867 111:
358 808 419 881 20,
440 783 735 873 21.'2T2n.1V:8
752 815 784 868 et
807 825 912 870 omnes
934 806 998 870 eius
1016 807 1183 892 Epistulam
1201 829 1256 873 nec
1272 829 1329 874 cou-

279 915 407 980 trarium
428 921 494 981 erui
514 927 613 1002 potest
634 939 669 980 ex
691 921 705 980 1
728 916 804 986 Gor.
827 917 1117 984 X:12antexlll:
1143 923 1199 1002 27,
1212 920 1329 986 ubilalso

277 1048 520 1095 euersosrorroo
542 1049 614 1094 euru
635 1029 787 1116 scripsisse
808 1029 852 1096 ait
870 1037 1026 1119 φοβοῦμαι
1043 1028 1152 1121 μήπως
1172 1028 1268 1110 ἄλλοις
1284 1043 1329 1098 eet.

276 1142 376 1205 immo
398 1163 486 1206 mens
506 1141 573 1206 eius
594 1161 658 1206 esse
680 1142 818 1208 ridetur:
837 1148 871 1208 εἰ
881 1146 977 1234 forte
988 1149 1182 1235 poscentem
1202 1146 1248 1211 od
1264 1154 1330 1210 tesn-

269 1273 339 1345 pos
359 1255 489 1321 reditus
506 1264 706 1320 mortuorum
724 1259 760 1320 in
777 1261 894 1336 mam,
916 1255 1027 1337 idest,
1057 1262 1090 1323 ei
1110 1262 1212 1324 citum
1235 1258 1331 1324 decue

187 1357 189 1362 ⁵
275 1368 361 1434 milti
375 1371 472 1458 sorte
499 1372 672 1458 cutting&
689 1369 738 1436 ad
754 1379 880 1461 tenpus
899 1369 1003 1450 illud,
1026 1395 1089 1462 quo
1110 1393 1259 1438 cnarsnus
1275 1371 1331 1436 od-

274 1490 430 1548 motum
454 1491 505 1548 eet
528 1483 579 1548 ud
594 1491 739 1548 mortuos
759 1487 794 1548 in
815 1489 917 1551 vitam
937 1488 1144 1554 revocandos.
1192 1485 1331 1569 Quomodo

275 1606 381 1662 eutem
411 1595 473 1661 hoc
503 1595 663 1662 cohaereat
695 1617 767 1667 cum
797 1599 1019 1685 superioribus,
1062 1621 1097 1665 se
1126 1599 1205 1665 lsus'c
1235 1597 1332 1664 muodo

276 1717 452 1774 emortuom
470 1729 542 1774 esso
558 1711 657 1793 odis,
682 1712 946 1798 quenadmodum
969 1732 1120 1808 nannenus
1145 1721 1286 1778 mortono
1299 1715 1332 1774 est

276 1825 314 1886 e'n
332 1843 444 1900 marce,
470 1821 557 1887 dictu
574 1845 637 1888 non
658 1823 825 1890 admodum
844 1825 968 1891 difficile
986 1837 1041 1902 est.
1086 1826 1244 1914 Significat
1258 1823 1332 1898 enim,

172 2015 178 2022 ,
278 1935 335 2014 nisi
363 1935 467 2012 iellcr,
493 1957 526 1999 se
547 1936 777 2002 studium·huic
801 1937 919 2002 mundo
940 1939 1106 2004 emoriendi
1133 1939 1213 2004 adeo
1233 1939 1333 2023 explere

269 2047 373 2126 ⁸velle,
405 2059 441 2110 ut
466 2047 635 2135 imaginem
662 2069 788 2114 canrsnr
817 2051 901 2116 omni
919 2073 956 2116 ex
975 2063 1061 2137 parte
1080 2053 1210 2131 referat,
1233 2053 1256 2116 si
1273 2053 1334 2114 forte

279 2159 336 2224 sibi
363 2181 399 2224 en
427 2159 532 2246 cupitis
562 2161 701 2245 periculo
728 2164 856 2228 evadere
885 2163 994 2230 ethan
1015 2165 1049 2230 in
1069 2176 1150 2232 terra
1175 2177 1333 2252 permanere

280 2271 438 2360 contingat
459 2293 558 2360 usque
579 2272 618 2338 ad
640 2273 774 2341 reditum
795 2287 990 2342 mortuorum
1010 2278 1044 2343 in
1066 2277 1160 2345 vitent
1187 2275 1243 2368 (t)

734 2505 820 2549 vens.
845 2486 896 2548 12.

228 2641 230 2648 ‘
324 2619 564 2688 Celebratissima
594 2621 732 2708 sequitur
760 2619 855 2688 animi
884 2619 1036 2684 tenuitatis
1064 2641 1137 2686 snae
1164 2621 1223 2686 sibi
1242 2613 1334 2684 conscii

279 2731 459 2812 declaratio,
496 2746 526 2798 et
553 2735 596 2800 sic
626 2735 753 2822 quidem
773 2733 938 2818 incipiens:
971 2733 1043 2816 Οὐχ
1071 2727 1117 2799 ὅτι
1144 2737 1209 2820 ηδη
1238 2733 1333 2815 ἔλαβον.

281 2845 401 2910 Pronus
415 2845 458 2910 ad
475 2869 506 2910 se
525 2825 744 2934 corrigendum
759 2844 1002 2932 breviloquentia
1017 2844 1113 2909 utitur
1128 2845 1209 2911 vitae
1218 2863 1335 2910 commu·

281 2957 328 3022 nis
346 2979 403 3043 pro
422 2959 461 3024 ed
480 2957 557 3044 λέγω
578 2960 630 3040 di,
649 2952 697 3026 dre
718 2954 781 3047 ἤδη
800 2969 859 3024 cet.
880 2970 916 3022 nt
939 2957 1058 3043 scripsit
1078 2975 1275 3022 nummos
1292 2947 1335 3041 (2)

282 3071 352 3134 Post
366 3071 511 3139 ¹Verbum
530 3069 639 3155 ἔλαβον
658 3093 901 3138 canrsosrorrus
920 3071 1061 3137 omissam
1081 3091 1145 3136 esso
1163 3065 1278 3156 putavit
1294 3085 1335 3127 ro-
1379 3100 1383 3114 ·

283 3209 506 3226 m*

314 3306 353 3376 (1)
378 3309 420 3358 llis
446 3311 492 3358 iam
519 3308 561 3358 diu
578 3310 670 3376 seriptis
686 3315 841 3360 sosvrtstorr
860 3307 968 3362 intellexi
984 3309 1048 3359 haud
1065 3309 1204 3358 dissimilem
1222 3309 1288 3356 liuius
1303 3301 1336 3350 loti

279 3402 497 3467 interpretationem
513 3403 657 3468 proposuisse
676 3402 702 3456 in
722 3402 799 3453 libros
822 3403 938 3456 Vertitur.
955 3419 1004 3458 cau
1022 3416 1114 3457 rannus
1129 3404 1238 3452 Brieoes
1256 3414 1299 3448 ess
1316 3395 1337 3442 dr

282 3493 425 3544 moseten.
442 3511 468 3560 p.
487 3495 537 3546 tce
548 3509 604 3564 sqq.
639 3493 707 3558 Quod
727 3504 804 3544 auteur
821 3494 863 3544 ille
884 3505 976 3546 tantum
992 3497 1110 3560 coniecit,
1124 3493 1235 3560 equidem
1249 3489 1310 3549 mihi,
1322 3485 1336 3532 si

279 3562 354 3650 suprd
377 3585 495 3651 disputata
520 3586 580 3636 bene
597 3604 622 3636 se
641 3586 743 3654 liabent,
764 3604 793 3636 ex
813 3604 856 3636 usu
873 3587 985 3654 loquendi
1002 3586 1108 3654 probasse
1126 3585 1219 3635 videor.
1252 3583 1294 3634 lieo
1310 3589 1337 3625 tt·

280 3693 344 3728 men*
357 3677 415 3727 Viro
437 3679 574 3728 acutissimo
599 3682 724 3746 assentior,
746 3681 834 3730 Graeca
856 3681 888 3730 sic
905 3679 1022 3730 reddenda
1041 3697 1104 3730 esse:
1127 3677 1160 3746 of
1178 3677 1292 3748 mogeltj'l
1305 3672 1338 3720 sti

280 3773 315 3822 ts
325 3787 373 3838 noy
392 3778 430 3820 tot
443 3787 493 3820 aen
511 3773 540 3820 dc
557 3773 705 3839 wstandinq
722 3773 766 3822 des·
779 3773 873 3822 dooden
892 3755 997 3823 lomene
1008 3771 1033 3823 id
1051 3783 1099 3822 est:
1110 3775 1153 3821 cel
1160 3773 1232 3842 forts
1243 3769 1275 3818 ad
1287 3763 1338 3815 redi·

281 3873 333 3914 trem
358 3871 506 3922 nicanor-tun
530 3865 559 3912 s'n
575 3867 653 3912 vitam
664 3872 831 3929 perventurus
847 3883 920 3914 sum:
938 3882 999 3932 quo,
1018 3875 1043 3913 et
1064 3864 1197 3914 Particulae
1218 3863 1294 3916 atnoe
1309 3872 1336 3903 ¹¹⁰·

185 4003 186 4010 ,
280 3957 315 4006 tic
331 3955 408 4004 aliena
426 3953 565 4019 affingitur,
583 3965 608 4002 et
626 3957 737 4005 orationis
753 3958 825 4006 series
841 3956 1003 4023 perturbatur.

206 4053 210 4058 '
314 4046 352 4114 φ)
371 4049 453 4116 licque
476 4047 529 4110 lte,
549 4055 578 4096 ut
598 4048 717 4098 nonnullis
732 4049 836 4116 placuit,
860 4051 967 4098 traiectio
985 4066 1027 4115 pro
1048 4051 1090 4100 ὅτι
1108 4047 1157 4100 eon
1172 4049 1287 4108 cernitur,
1306 4053 1336 4088 ott

281 4143 349 4190 Rom.
366 4139 413 4201 lX,:
432 4141 462 4204 θ,
483 4133 507 4190 ’7.
526 4141 544 4187 2
561 4137 618 4188 Cer.
637 4141 690 4190 111:
711 4141 739 4193 5.
753 4124 831 4190 'Peto
852 4137 959 4192 1v217.
983 4141 1044 4192 Vide
1064 4147 1181 4193 Auserat.
1199 4145 1229 4192 dn
1244 4137 1335 4188 rosset-

279 4248 305 4298 p.
322 4233 372 4282 212
383 4243 415 4282 et
431 4233 463 4283 ci.
480 4245 637 4282 sternatur.
653 4247 679 4297 p.
697 4232 758 4288 ³52.
776 4233 880 4284 Similem
899 4227 1066 4284 correctionem
1082 4235 1170 4284 liabent
1188 4245 1270 4283 rusus.
1284 4227 1335 4277 Ht'tl·

282 4325 381 4373 Bootes.
402 4323 453 4386 tib,
466 4324 519 4373 tv.
540 4340 591 4389 cap.
609 4323 626 4371 8
644 4323 741 4388 aliique.
773 4354 775 4366 -
