2812 5032
220 381 250 472 Ἰ
277 385 338 450 lli
614 401 682 445 cxr.
706 379 729 444 l.
755 399 841 444 tras.
866 381 926 456 27,
952 381 1005 444 28.

266 574 455 661 palamst:
474 579 509 632 ut
526 588 560 632 ea
579 567 623 631 sic
644 568 724 630 bene
744 564 928 649 explicetur:
950 563 1047 631 Haec
1065 571 1178 630 aestro
1192 573 1337 630 constan·

271 689 326 776 (ιάο
350 686 472 748 vestris
504 680 633 770 quidem
669 677 879 748 dementiis
907 649 1062 768 taitpunm
1097 675 1143 768 (1)
1166 680 1338 768 perniciem

273 805 421 888 augurat
433 845 443 876 ,
471 794 561 861 votis
590 813 668 859 vero
695 793 845 858 salutem.
892 791 982 858 Ilaud
1004 791 1149 858 dissimile
1181 802 1244 870 est,
1265 791 1338 877 qued

172 930 178 946 ·
272 911 405 1000 legimus
437 910 470 974 in
500 907 591 985 loeis,
627 929 645 973 a
678 927 788 972 rsrrnxo
821 901 868 995 (2)
893 905 1045 984 excitatis,
1068 903 1162 971 liam.
1181 905 1269 973 VIII:
1295 907 1337 968 tt.

273 1028 294 1088 2
321 1021 403 1089 Tem.
429 1022 477 1087 ss:
506 1025 564 1099 12,
598 1019 778 1106 praesertim
800 1023 820 1086 2
847 1017 960 1086 Thess.
985 1021 1019 1084 I:
1042 1025 1062 1085 5
1084 1039 1151 1106 sqq.
1173 1007 1339 1084 ubi'etiam

273 1135 442 1203 consentia
471 1143 658 1200 sectatorum
681 1154 807 1198 cnutum
831 1129 971 1220 ἔνδειγμα
989 1131 1103 1198 dicitur
1126 1132 1276 1198 beatitatis
1297 1153 1339 1196 ees

271 1243 433 1316 manentis.
479 1249 544 1312 Nee
574 1246 661 1314 nobis
690 1245 788 1310 obstat
814 1267 887 1312 usus
914 1245 997 1312 vocis
1019 1245 1139 1326 ἔνδειξις
1164 1219 1260 1312 Itoni.
1287 1245 1338 1309 Ill:

272 1365 331 1439 25,
356 1366 409 1428 26.
434 1365 454 1425 2
481 1359 558 1427 Cor.
580 1359 671 1428 VIII:
698 1361 757 1436 24,
783 1357 845 1422 sive
865 1379 901 1424 ea
922 1357 1070 1424 vertendo
1090 1357 1230 1428 redditur
1256 1358 1340 1423 indt-

271 1479 373 1551 dum,
409 1495 463 1538 seu
490 1473 726 1538 demonstratio
749 1472 798 1534 rel
821 1479 1064 1562 argumentum,
1088 1473 1135 1536 uti
1156 1493 1175 1537 a
1194 1493 1338 1547 murtro,

272 1587 326 1675 qui
357 1587 470 1652 merite
494 1577 695 1672 reprehendit*
719 1583 757 1650 V
754 1585 905 1675 salgatum
928 1583 1100 1663 tatanem,
1125 1585 1211 1672 qued
1234 1584 1340 1672 scripsit

272 1721 375 1767 cauto
395 1697 454 1788 (3).
499 1697 643 1765 Ceterum
668 1717 760 1764 ssent
785 1710 939 1776 mentem,
963 1709 1084 1784 praeter
1104 1699 1180 1764 alios
1198 1719 1339 1764 cremus.

272 1833 438 1892 cassurus,
459 1801 609 1880 coecatus
639 1814 702 1878 iam
731 1811 931 1896 probabiliter
951 1811 1081 1878 assecuti
1101 1823 1184 1878 sunt.
1218 1811 1289 1888 ,Sed
1309 1809 1340 1874 ad

273 1947 398 1994 omnem
428 1925 572 1992 erationis
601 1947 725 1990 sensum
753 1926 834 1990 bene
861 1923 1100 2012 intelligendum
1120 1926 1288 1991 necessaria
1305 1933 1342 1986 est

273 2040 460 2127 comparatio
479 2039 661 2116 verborum,
685 2059 766 2124 qnae
785 2037 925 2124 proxime
945 2049 1128 2124 sequuntur.

207 2137 210 2144 ⁵
316 2152 470 2218 Nimirum
488 2149 602 2236 duplex
624 2173 687 2214 esse
707 2133 807 2236 potest
824 2151 1008 2237 augurium,
1026 2151 1160 2217 alterum
1180 2151 1343 2216 humanum

273 2279 304 2330 et
323 2265 465 2342 dubium,
488 2265 620 2329 alterurn
638 2263 784 2330 Divinum
804 2275 835 2328 et
856 2274 985 2330 certum.
1009 2263 1107 2328 Iluius
1127 2263 1224 2351 igitur
1247 2263 1343 2329 disen-

176 2404 178 2410 ’
272 2379 363 2448 minis
390 2375 660 2444 baud'immemer
683 2376 842 2464 adscripsit
856 2400 977 2448 ,rannus
1000 2380 1050 2446 aui
1069 2384 1159 2446 reiro
1182 2377 1245 2446 ἀπὸ
1266 2383 1345 2447 Θεοῦ.

272 2493 351 2557 Sunt
370 2490 513 2578 quidem,
537 2491 685 2576 quicum
707 2513 869 2578 cannense
887 2491 987 2558 Alea.
1014 2487 1255 2578 (lltlormulam
1276 2493 1344 2555 rele-

269 2615 342 2668 'rant
370 2603 409 2668 ad
432 2603 607 2689 sequentia,
630 2615 664 2668 ut
694 2625 798 2672 sensus
820 2603 966 2689 prodeat:
1000 2613 1033 2668 et
1059 2605 1166 2674 heca
1192 2585 1263 2672 Deo
1284 2611 1345 2678 ert,

272 2717 362 2782 velis
382 2718 537 2804 faverem
560 2719 761 2804 praestitum
785 2738 856 2782 esse
881 2728 940 2782 eet.
985 2717 1046 2781 Sed
1067 2715 1125 2783 bac
1147 2729 1301 2785 structura
1321 2727 1347 2779 et
1404 2745 1405 2796 p

212 2911 219 2926 Ι
275 2828 418 2892 orationis
438 2827 625 2916 perpetuitas
646 2829 775 2907 tollitur,
789 2841 819 2894 et
831 2851 903 2894 vero
914 2829 1084 2916 negligitur
1100 2831 1250 2918 loquendi
1266 2851 1346 2898 usus:

273 2940 444 3026 siquidem
462 2941 596 3006 formula
616 2942 708 3027 plene
726 2941 833 3009 similis
857 2945 872 3004 1
900 2941 977 3010 Cor.
996 2943 1059 3011 VI:
1085 2949 1116 3010 6.
1140 2944 1233 3034 Epis.
1255 2945 1346 3020 11:e‚

275 3065 306 3120 et
326 3055 360 3118 in
385 3053 495 3118 ceteris
517 3053 676 3134 amnibus,
701 3054 760 3118 nisi
781 3053 889 3132 fallor,
913 3056 990 3119 Novi
1010 3057 1198 3122 Testamenti
1220 3057 1349 3136 loeis‚in

164 3171 184 3208 ’·
276 3167 389 3252 quibus
417 3178 527 3245 exstat,
551 3157 592 3233 ad
610 3167 826 3254 praecedentia
857 3168 964 3232 referri
991 3169 1099 3248 debet,
1126 3169 1174 3234 uti
1207 3143 1237 3236 et
1267 3185 1379 3256 supra·

275 3303 317 3346 vs.
343 3285 405 3358 193
442 3285 501 3359 22,
535 3285 577 3347 25
606 3286 697 3349 τοῦτο
727 3292 757 3345 et
779 3283 829 3346 καὶ
858 3285 957 3348 τοῦτο.
1007 3283 1089 3371 Ergo
1118 3295 1241 3350 tantum
1269 3291 1353 3349 restat

276 3395 430 3480 quaestio,
467 3395 622 3480 quomodo
645 3393 722 3460 haec
743 3394 837 3459 verba
860 3417 933 3460 cum
952 3396 1211 3480 praecedentibus
1235 3418 1352 3465 conne-

273 3559 494 3572 m

309 3654 350 3723 (1)
376 3629 521 3722 Negligendn
539 3676 585 3707 non
603 3675 651 3707 esse
668 3658 762 3709 videtur
780 3663 846 3709 notio
863 3663 927 3710 vocis
945 3663 1085 3728 composilae
1098 3667 1173 3729 «ἥτις.
1190 3665 1230 3714 eff.
1251 3665 1315 3715 dicta
1333 3665 1354 3710 iu
1403 3673 1404 3676 ’

273 3747 377 3798 Introit.
394 3765 420 3813 p.
438 3751 463 3798 6.
639 3805 645 3815 Χ
1014 3757 1016 3766 ’
1403 3727 1404 3772 i

307 3841 346 3908 (2)
365 3843 432 3892 Νου.
453 3844 520 3891 Part.
541 3846 630 3894 Graec
647 3844 677 3908 ad
692 3845 718 3894 Ir.
735 3845 753 3894 l.

308 3935 346 4005 (3)
364 3937 457 3986 Frustra
483 3947 557 3986 asnaa
582 3947 607 3987 et
635 3954 770 3992 cernantur
788 3955 805 3990 a
823 3955 912 3995 tarint
937 3947 1041 4012 Vatqett
1058 3947 1282 4012 interpretationem
1301 3945 1357 3996 tueri

273 4039 387 4079 conantur
405 4028 536 4094 menende,
553 4032 678 4108 osteodepe
695 4047 763 4098 saepe
781 4032 828 4082 dIci
841 4051 885 4101 pre
902 4035 996 4112 fasceaer
1031 4037 1100 4100 Quod
1116 4040 1209 4090 etlamsi
1226 4058 1309 4091 rerum
1321 4039 1357 4096 sit,

272 4140 340 4186 rave,
366 4121 422 4170 hinc
448 4124 517 4188 sequi
536 4122 638 4187 credas,
658 4141 737 4174 vocem
761 4125 863 4186 i'adsatt
881 4111 1030 4185 (nortonam
1051 4129 1138 4180 habere
1161 4150 1272 4198 causae,
1295 4145 1358 4200 quan

272 4209 351 4262 temen
369 4227 518 4263 tttcrotrttttts
536 4212 625 4280 aliique
641 4215 739 4262 Veteres
757 4217 779 4264 ei
798 4219 844 4266 iam
860 4235 981 4284 perperam
1000 4219 1145 4273 tribuerunt.

307 4307 347 4372 (4)
365 4311 453 4357 soom.
472 4304 524 4354 xrs.
541 4305 582 4355 tv.
599 4294 624 4370 ρ’.
642 4308 702 4354 scs.
