2808 5032
665 405 732 448 cnr.
752 384 804 448 tv.
828 405 912 447 raas.
934 390 970 448 2.

750 639 834 686 rens.
860 621 889 682 2.

321 797 412 860 Nunc
441 815 556 860 rannus
586 795 626 859 ab
650 795 799 858 universis
830 793 869 858 ad
898 793 1018 879 singula
1046 793 1219 880 transgredi
1237 795 1338 860 videtur

277 907 450 974 monendo:
484 905 619 974 Εὐοδίαν
640 911 825 994 παρακαλῶ,
854 908 905 971 sat
928 901 1088 992 Συντύχην
1112 906 1341 994 nepotalem*

258 1020 354 1120 'oded
386 1025 506 1107 φρονεῖν
528 1022 562 1086 ἐν
582 1019 701 1109 Κυρίῳ.
753 1020 837 1084 llaec
865 1017 962 1104 igitur
988 1039 1216 1084 enrnssscmns
1250 1019 1341 1084 maini

277 1133 473 1198 distinctione
501 1155 520 1197 a
546 1131 754 1218 superioribus
785 1131 926 1196 seiunxit.
972 1133 1076 1217 Atque
1102 1133 1146 1196 ita
1173 1141 1342 1208 monitus,

277 1267 445 1324 srosnrns,
473 1267 723 1325 nnrruwsonns,
746 1267 973 1324 consensurus,
995 1245 1087 1310 multi
1100 1244 1164 1328 alii,
1193 1267 1267 1312 oum
1282 1246 1343 1310 rni-
1396 1225 1397 1234 ἒ

279 1370 360 1423 tores
381 1357 460 1422 Nori
479 1359 682 1436 Testamenti,
705 1370 774 1423 tum
799 1360 995 1444 Interpretes.
1041 1359 1079 1422 Et
1102 1357 1202 1424 obiter
1223 1359 1343 1444 inspecta

279 1471 417 1538 oratione
449 1471 579 1536 eandem
610 1473 644 1537 in
667 1483 787 1558 partem
808 1471 948 1538 eundum
969 1471 1092 1538 dixeris.
1139 1472 1201 1536 Sed
1225 1484 1306 1538 recte
1321 1493 1344 1535 ss

278 1607 486 1650 narrerssrus
507 1584 582 1650 huic
602 1584 789 1650 dntinctioni
812 1586 963 1671 opposuit.
986 1585 1064 1650 Nam
1083 1607 1207 1650 versum
1225 1587 1343 1650 altemm

280 1721 354 1765 oum
381 1699 483 1785 primo
513 1699 659 1764 attentius
689 1705 919 1784 comparantes,
952 1698 984 1762 in
1008 1721 1101 1763 raum
1124 1710 1232 1763 mente
1249 1700 1344 1763 seriem
1397 1727 1398 1790 i

277 1813 371 1878 fuisse
391 1809 651 1896 deprehendimus
671 1811 914 1898 cogitationum,
939 1831 1001 1896 qua
1023 1811 1063 1875 ab
1089 1810 1298 1876 admonitione
1315 1811 1345 1873 fi-

279 1924 329 1990 dei
361 1945 497 1990 enmono
527 1923 692 1989 servandae
719 1934 750 1988 et
779 1921 905 2008 publice
931 1921 1129 2007 praestandae
1161 1923 1202 1988 ad
1234 1935 1344 1987 mutuae

280 2037 479 2115 concordiae,
511 2057 591 2122 quae
613 2033 707 2100 fidem
727 2032 926 2119 conspicuam
944 2035 1085 2112 laceret,
1101 2034 1250 2100 virtutem
1269 2058 1344 2101 com·

279 2139 486 2214 mendandam
507 2147 684 2214 duceretur.

323 2263 524 2350 Singulorum
552 2262 769 2351 aggrediamur
791 2261 1086 2346 interpretationem.
1131 2262 1262 2328 Gnosso
1283 2283 1343 2326 cum
1398 2309 1399 2364 ἰ

277 2375 492 2462 imprudenter
516 2377 697 2442 excidissent
720 2377 830 2442 verba:
855 2374 1051 2464 )>Συννυχη’ς,
1070 2387 1106 2440 ut
1123 2372 1280 2464 Elisogp'r,
1303 2375 1344 2438 vi-
1398 2387 1399 2442 t

278 2489 336 2556 rile
357 2502 402 2556 est
427 2496 585 2570 nomen;’'
612 2512 703 2568 eece,
727 2511 920 2555 ammonens
942 2487 1003 2554 hoo
1025 2490 1172 2575 arripuit,
1193 2503 1229 2554 ut
1248 2479 1352 2554 Nomi?

276 2605 372 2670 nativi
391 2599 535 2691 Συντνχή
554 2603 647 2688 plane
665 2603 847 2681 immemor,
866 2603 985 2668 Graeca
1005 2603 1050 2666 sic
1073 2602 1257 2688 explicaret:
1279 2625 1343 2667 sno·

276 2740 356 2784 orsu
378 2720 585 2807 praesertim
598 2763 601 2774 .
614 2725 645 2782 et
674 2737 862 2782 errorores
885 2737 959 2798 oro,
989 2723 1027 2779 ut
1049 2717 1226 2781 eorecordes
1247 2721 1343 2781 vr'ueot

274 2839 307 2896 et
326 2834 433 2920 quieti
451 2840 510 2896 set.
555 2829 723 2894 Quaeres
742 2829 820 2895 adeo
838 2828 998 2893 dissidium
1018 2827 1110 2894 tuisse
1128 2813 1261 2896 coniecit
1275 2832 1342 2894 inter

275 2946 439 3030 coniuges,
465 2954 495 3008 et
515 2963 704 3008 srnrrenss
733 2941 868 3006 eundem
889 2939 1068 3007 habendum
1090 2965 1172 3020 esse,
1198 2944 1253 3031 qui
1271 2945 1341 3007 rs.3

165 3055 169 3062 '
274 3056 404 3142 σύζυγος
425 3054 545 3141 γνήσιος
564 3054 747 3139 appelletur.
793 3055 846 3120 Sic
872 3077 937 3122 uno
960 3055 1066 3143 magni
1085 3057 1153 3123 Viri
1175 3079 1279 3122 errore
1298 3055 1342 3129 tit,
1399 3059 1400 3068 ’

276 3183 312 3236 ut
331 3171 384 3236 alii
402 3171 522 3236 deserta
541 3168 590 3232 via
607 3169 740 3254 turpiter
757 3169 910 3235 labantur.
955 3170 1037 3238 Duas
1059 3171 1143 3236 enim
1164 3170 1219 3237 hro
1239 3190 1341 3236 memo

276 3285 338 3352 rari
364 3283 527 3360 mulieres,
550 3281 637 3346 nulla
660 3281 919 3349 demonstratione
947 3284 1082 3370 indiget,
1104 3285 1199 3350 modo
1218 3286 1341 3374 legamus

276 3397 450 3484 sequentia:
473 3390 688 3480 συλλαμβάνοι)
708 3395 830 3474 αὐταῖς,
848 3401 951 3473 ditarer
970 3399 1003 3462 ἓν
1017 3402 1065 3487 τῷ
1083 3397 1244 3490 εὐαγγελίῳ
1262 3389 1341 3481 συνή-

274 3507 397 3594 θλησάν
418 3499 490 3591 μον,
518 3529 599 3594 quae
621 3527 817 3572 nsnnonnns
835 3507 1025 3594 ineptissime
1045 3508 1264 3595 interpretatus
1288 3519 1339 3572 est:

272 3630 311 3687 et
333 3642 429 3686 oteres
452 3627 484 3684 et
502 3620 646 3684 subleves
670 3621 843 3699 mulieres,
859 3621 1261 3713 quoelt'rtangeliiceusa
1271 3620 1342 3686 mole

273 3736 406 3802 deditae
436 3740 522 3796 sont.
568 3732 607 3796 Et
638 3731 785 3798 mulieres
808 3719 901 3798 luisse
926 3734 1171 3800 ridentur‘inter
1192 3746 1341 3802 sectatores

275 3869 402 3918 enmsrr
424 3844 659 3934 Philippenses
680 3845 780 3912 clarae
801 3857 832 3912 et
849 3859 1019 3932 spectatae,
1053 3849 1148 3928 forte,
1171 3861 1208 3913 ut
1228 3851 1341 3918 Veteres

273 3964 336 4028 iam
368 3959 485 4048 opinati
517 3971 604 4039 sunt,
643 3960 872 4026 Breoonissoe.
922 3962 995 4026 tam.
1018 3984 1150 4040 rannus,
1186 3985 1259 4028 cum
1283 3958 1341 4021 illas

274 4076 396 4140 iuberet
414 4072 450 4140 td
472 4069 548 4140 oded
569 4080 707 4164 φρονεῖν,
727 4071 805 4138 nihil
825 4072 909 4139 aliud
929 4074 1042 4152 voluit,
1064 4097 1162 4162 quam
1178 4087 1214 4140 ut
1233 4071 1341 4144 eodem,
1399 4133 1400 4142 ,

274 4185 440 4277 quidquid
456 4194 633 4274 ageretur,
659 4185 856 4254 docerentur
882 4188 1004 4254 studio.
1048 4187 1141 4270 Quod
1160 4210 1198 4252 ex
1220 4186 1342 4270 disputa-

155 4381 158 4388 ¹
276 4302 313 4367 ns
335 4301 374 4367 ad
392 4302 464 4385 Cap.
483 4300 570 4364 Il:·2
595 4312 656 4370 tam
678 4301 852 4368 luculenter
870 4314 1011 4388 apparet,
1036 4289 1071 4368 ut
1091 4317 1342 4390 supervacaneum
