2818 5032
406 375 738 446 oss..·1v.vas.10;
767 429 782 466 ,¹
888 335 895 347 ’
1047 379 1116 442 rer

59 585 136 642 sero,
161 583 202 628 ue
222 560 307 628 notio
323 562 452 650 propria
476 585 534 649 pro
551 563 684 650 ligurata
702 571 894 639 sumeretur,
927 552 1119 624 Infinitirum

57 675 97 739 illi
122 675 261 742 adierisse
291 675 547 764 Epexegeticum,
571 685 607 740 ut
633 675 670 742 sd
687 675 765 762 sindo
786 677 865 758 ἐμοῦ
884 680 1005 763 φρονεῖν
1025 659 1121 757 expll-

59 788 177 852 eandum
202 789 255 853 sit:
287 793 450 878 negotium
475 789 547 853 uolo
577 787 661 852 mitt
680 787 882 852 considendi.
928 785 1003 850 Aliis
1024 784 1119 873 igitur

57 901 142 966 verbis
173 903 228 966 ait:
265 906 354 968 uires
380 901 679 974 malamortensis·
701 902 926 989 recuperastis
950 896 1008 988 (1).
1054 897 1121 962 Pri-

56 1035 100 1078 mo
122 1010 244 1102 quidem
265 1015 411 1101 adspectu
431 1015 554 1080 faoilior·
575 1014 698 1079 ridetur
715 1013 944 1099 interpretatio,
969 1013 1012 1090 si,
1033 1034 1120 1098 prae-

57 1138 137 1192 eunte
157 1127 262 1216 Syro,
286 1151 359 1196 eum
389 1137 552 1195 arcuatur
567 1119 697 1214 aliisque
718 1127 865 1195 Verbum'
888 1122 1050 1192 ἀνεθάλετε
1070 1145 1121 1188 ex·

54 1241 195 1335 ponimus,
210 1235 315 1308 ιῖενιοῗιο
339 1245 533 1332 incepistis:
563 1241 614 1306 sed
638 1265 676 1306 ea
696 1240 841 1327 probata,
872 1251 902 1304 et
922 1259 1046 1325 prorsus
1066 1259 1121 1302 ne-

55 1355 168 1442 gligitur
198 1343 314 1450 siruile,
336 1356 423 1442 quod
444 1368 589 1422 auctora
613 1354 816 1442 geminando
837 1354 963 1420 adrem
986 1346 1122 1440 Philip-

48 1471 186 1553 persium
206 1469 364 1534 transtulit
384 1479 415 1533 et
433 1469 600 1548 Antithesi‚
623 1479 705 1556 quae
719 1469 829 1538 Verbis
840 1475 1011 1556 φρονεῖν-οι
1030 1468 1124 1552 &ppos

54 1587 144 1648 νεῖνθε
161 1583 259 1662 inest,
278 1582 323 1646 ris
342 1603 396 1647 sua
414 1581 578 1664 adimitur,
598 1583 657 1648 nisi
678 1582 831 1648 formulae
851 1576 901 1672 ἐφ’
919 1570 946 1673 ᾦ
964 1579 1124 1644 notionem

52 1693 170 1759 alienam
189 1675 341 1784 affingere
362 1695 499 1762 velimus.
595 1721 611 1732 2
861 1675 862 1678 Ἴ
1172 1679 1173 1682 ¹

88 1805 238 1872 Nimirum
273 1809 453 1894 Apostolus,
493 1829 566 1874 oum
603 1808 647 1872 sio
678 1805 911 1896 progrediatur:
942 1805 994 1893 ἐφ’
1019 1797 1046 1896 ᾦ
1071 1804 1124 1870 καὶ

51 1913 201 2004 ἐφρονεῖτε,
223 1921 430 1986 Praeteritum
449 1921 561 1986 diserte
581 1921 708 2008 opponit
720 1921 885 1986 Praesenti.
910 1917 1123 2005 Declaratigi-

50 2037 93 2092 tur
111 2030 350 2126 Philippenses
370 2035 429 2099 sihi
445 2034 507 2102 iam
527 2047 619 2102 autea
639 2035 838 2100 consuluisse.
865 2031 1123 2118 Namperbrevi-

50 2141 230 2230 loquentiam
254 2148 405 2232 seriptum
423 2170 489 2213 esse
509 2151 660 2236 ἐφρονεῖτε
678 2169 735 2242 pro
758 2150 908 2236 ἐφρονεῖτε
929 2145 1007 2234 ὑπὲρ
1026 2149 1106 2228 ε’μοεῖ
1113 2194 1125 2225 ,

48 2255 104 2340 ipsa
131 2259 223 2348 donet
248 2261 393 2326 motionis
416 2261 517 2328 series.
562 2243 739 2324 Formularlr
765 2259 849 2345 quod
875 2258 983 2324 attinet
1007 2257 1059 2343 ἐφ’
1081 2283 1124 2347 ῳ,
1221 2328 1223 2332 .

49 2387 163 2438 narrare
174 2373 345 2440 »infinitum
371 2375 426 2452 sit,
446 2395 540 2461 quam
560 2370 759 2436 vehementer
777 2373 845 2458 VV.
856 2371 920 2437 uu.
937 2371 1018 2435 inter
1033 2391 1067 2434 se
1084 2367 1124 2439 de
1161 2449 1165 2456 Ι

48 2503 79 2548 ea
104 2484 296 2574 discrepent,
328 2497 365 2551 ut
390 2486 536 2552 alileam
557 2485 800 2571 interpretentur
826 2485 968 2574 dequo,
1000 2482 1054 2549 alii
1077 2482 1127 2546 od
1222 2567 1224 2572 ,

47 2599 139 2683 quod,
173 2601 229 2668 alii
257 2600 393 2690 quode
422 2623 460 2666 re
485 2609 610 2678 tomen,
633 2598 686 2663 alii
707 2597 923 2688 qssomquom',
946 2597 999 2663 alii
1025 2595 1125 2662 aliter.

47 2709 100 2774 Sed
115 2715 203 2780 nulla
217 2737 312 2782 eausa
331 2725 375 2778 est
391 2711 576 2778 deserendae
588 2711 722 2776 notionis
730 2711 1013 2800 quemadmodum,
1029 2731 1125 2796 quam

47 2846 129 2910 supra
150 2829 191 2894 ad
212 2829 288 2914 Gap.
310 2829 422 2892 ltere
435 2824 741 2912 interpretationibus
760 2825 869 2890 ceteris
882 2823 1025 2910 praetuli.
1043 2823 1125 2888 Hinc

47 2949 139 3005 antem
166 2943 331 3029 sequitur,
354 2961 481 3012 ruouou
503 2937 718 3026 praeeedentia
739 2937 784 3002 sie
805 2938 1003 3004 emollivisse:
1049 2934 1125 3002 Non

46 3059 184 3142 scripsi:
212 3055 349 3128 tandem
371 3053 554 3143 aliquando
575 3054 795 3120 'consuluistis
811 3051 911 3133 mihi,
942 3049 1023 3115 sed:
1051 3056 1126 3114 tan-

45 3165 108 3232 dem
131 3170 323 3260 aliquando
347 3170 436 3234 uires
462 3168 548 3233 miti
573 3166 765 3233 consulendi
782 3158 1027 3254 recuperastis:
1049 3177 1127 3227 ooo-

46 3283 193 3348 suluistis
216 3285 304 3348 mrim
317 3285 395 3347 s'om
412 3289 521 3348 aueo.
567 3277 779 3346 Eodem-redit
800 3299 924 3356 sensus,
947 3277 973 3342 si
993 3277 1135 3341 formula

42 3385 86 3470 ἔφ’
104 3380 130 3482 ᾧ
150 3394 611 3485 explicaturquondoquidem.
622 3393 723 3484 ‘Quae
735 3412 812 3457 oum
829 3390 872 3456 ita
892 3389 1046 3467 autnon
1062 3412 1128 3462 am-

42 3503 119 3586 plius
142 3509 277 3576 difficile
304 3509 391 3574 dictu
411 3519 471 3586 est,
493 3506 570 3594 qnid
589 3504 649 3570 sibi
667 3504 763 3571 velint
780 3513 936 3588 postrema
954 3503 1129 3589 η’κανρεῖοθε

42 3618 81 3684 is'.
119 3623 207 3690 Haeo
236 3622 340 3702 enim,
363 3623 388 3686 si
409 3621 485 3710 quid
502 3620 611 3696 rideo,
634 3615 820 3704 respondent
839 3615 1048 3702 superioribus
1066 3610 1129 3702 ἦεῖφ

37 3733 107 3800 ποτὲ
126 3734 317 3816 ἀνεθάλετε,
347 3734 610 3823 quemadmodum
640 3729 798 3796 Praesenti
825 3738 945 3817 φρονεῖν
970 3713 1128 3796 Aeristum

38 3847 195 3935 ἐφρονεῖτε.
239 3849 339 3936 Atqui
366 3871 404 3915 eo
424 3848 523 3937 posito
547 3847 699 3913 falluntur
730 3841 814 3910 haud
843 3865 949 3921 secus,
975 3852 1129 3930 quotquot

38 3963 153 4028 aumori
173 3963 264 4030 hano
285 3974 423 4031 mentem
438 3961 596 4036 tribuunt,
610 3957 849 4046 Philippenses
862 3955 1040 4044 'ignorantia
1051 3954 1129 4035 looi,
1143 3965 1147 3974 ‘

67 4221 106 4292 (1)
135 4225 185 4278 cll.
209 4237 303 4275 wrrrs.
330 4241 353 4290 p.
381 4223 441 4274 298.
470 4223 623 4271 Bsarasrnr.
641 4237 666 4287 ρ.
684 4221 735 4270 354
752 4237 806 4288 sqq.
837 4219 869 4266 tte
887 4220 910 4265 vt
928 4208 1043 4266 formulae
1060 4215 1132 4285 ὑπὲρ

38 4314 100 4379 ἐμοῦ
120 4329 242 4388 φρονεῖν
262 4317 363 4368 diximus
379 4333 404 4383 p.
425 4318 469 4366 δῖε
505 4317 616 4363 Ceteram
633 4312 725 4378 legatur
741 4329 843 4382 qusque*
855 4313 922 4360 Νοο.
940 4311 1008 4371 Tast.
1028 4309 1098 4376 Vaut.
