2818 5032
452 413 520 458 car.
542 393 595 461 tv.
621 415 705 460 rurs.
732 401 762 459 5.
831 390 833 394 ’
1078 401 1143 464 279

43 506 61 580 i

80 599 158 657 orus,
176 579 264 642 multi
283 577 336 643 elii
355 589 543 664 sequuntur,
554 581 647 645 ⁴bene
670 581 817 667 explicet:
829 659 831 666 Ι
844 593 921 648 noto
940 588 988 648 sit
1006 607 1043 649 re
1063 590 1141 674 prro

58 699 106 768 ,et
118 713 182 782 per
211 697 448 782 aperientem
475 695 686 779 declaretur,
721 696 831 761 dubito
855 709 982 784 propter
1007 699 1145 769 subiecta
1168 737 1182 764 s

78 811 161 872 πᾶσιν
179 805 367 897 ἀνθρώποις,
396 807 456 874 nisi
478 807 556 875 haec
579 808 685 874 dicere
706 811 802 876 velint
830 812 1013 880 hominibus
1040 818 1145 884 omnis

61 919 211 1006 ¹,generis
254 922 343 988 Hanc
371 933 454 988 certe
474 921 775 1009 mentemApostolo
793 925 931 990 tribuere
954 927 1051 992 malo:
1082 927 1144 992 Le·

77 1035 170 1098 nitate
201 1055 287 1124 erga
319 1057 377 1100 vos
402 1037 539 1102 invicem
554 1019 770 1125 praestando
790 1039 917 1126 facite,
945 1051 982 1104 ut
1003 1042 1152 1104 omnibus·

77 1148 248 1213 innotescat
261 1149 455 1229 homitibus,
478 1151 565 1217 hanc
583 1175 607 1215 a
621 1151 955 1219 oobiscols'ct'rttstem.
979 1153 1148 1240 Praecepto

77 1272 172 1325 autem
191 1263 345 1348 superiori
366 1285 484 1328 roccus
501 1264 540 1329 ul
558 1261 619 1330 hoo
630 1263 750 1329 delatus
762 1285 827 1330 csse
836 1266 957 1332 videtur
973 1267 1161 1355 cogitando,

79 1371 303 1465 Philippenses
325 1375 440 1464 gaudio
460 1388 628 1465 perpetuo,
653 1377 737 1464 quod
759 1378 792 1444 in
814 1381 1149 1446 cnnrsrrcommuuim

77 1511 112 1553 ne
130 1473 298 1570 heberent,
321 1493 439 1578 optime
465 1495 676 1571 consulturos,
705 1493 730 1557 si
750 1494 843 1558 talem
865 1493 922 1558 sibi
942 1505 1151 1580 mutuoproe-

76 1614 183 1670 starent
205 1605 382 1685 leuitatem,
406 1619 443 1671 ut
466 1629 501 1672 ea
519 1605 638 1694 ubique
653 1607 831 1672 hominihus
849 1613 915 1672 tam'
931 1609 1040 1672 exteris
1057 1629 1154 1695 quam
1266 1635 1267 1640 ¹

77 1715 246 1783 Christianis
275 1731 375 1784 essent
408 1718 579 1806 conspicui.
632 1698 768 1809 Longius
801 1719 886 1786 haud
914 1720 1009 1785 dubie
1039 1743 1155 1786 nexum

77 1832 212 1898 orationis
250 1834 371 1922 repetiit
402 1835 648 1901 cnrr'sosrouus
673 1833 853 1902 scribendo:
886 1832 985 1902 Εἶπεν
1004 1834 1156 1924 ἀνωτέρω·
1211 1914 1213 1918 ,

77 1936 115 2010 ὦν
142 1948 160 2013 ὁ
187 1945 266 2026 (iuis
294 1959 353 2014 cet.
387 1948 470 2015 Ἐπεί
497 1945 553 2016 οὖν
580 1948 657 2028 εἰκός
683 1947 795 2027 circis
822 1945 1158 2036 spississimumque}

76 2058 218 2143 ἀπεχθῶς
243 2061 417 2126 διακεῖσθαι
423 2111 434 2140 ,
464 2063 601 2149 παραίνει
626 2062 727 2128 τοίνυν
744 2059 849 2138 αὐτοῖς
866 2060 965 2146 μηδὲν
980 2057 1065 2144 ἔχων
1084 2058 1158 2146 aprio

75 2171 328 2253 turcomannis,
348 2171 429 2239 oillei
446 2170 525 2256 μενιί
544 2179 660 2260 νιολλῆς
679 2173 783 2251 αὐτοῖς
801 2177 973 2258 κεχρῆσθαι
994 2171 1158 2249 ἐπιεικείας,

76 2287 109 2349 ori
135 2285 199 2373 μήν
224 2296 290 2365 τοῖς
320 2285 465 2372 ἀδελφοῖς
484 2281 593 2369 μόνον,
615 2284 697 2350 dttat
719 2287 771 2350 eet
789 2293 853 2362 τοϊς
876 2289 1006 2373 ἐχθροῖς
1027 2287 1078 2352 καί
1095 2292 1160 2363 τοῖς

74 2400 211 2477 ἐναντίοις
266 2397 414 2463 Similiter
433 2420 630 2464 occurremus
652 2408 682 2462 et
702 2381 988 2475 rnnornrnscrm,
1009 2420 1085 2462 cum
1103 2398 1161 2462 iri-

74 2510 140 2576 tlem
162 2511 217 2578 hic
243 2511 376 2596 spectari
400 2520 511 2596 putent
541 2531 592 2586 ea,
627 2531 709 2595 quae
743 2532 810 2595 cap.
843 2509 903 2576 111:
929 2514 969 2576 19
990 2511 1159 2596 proposito

72 2636 147 2692 sunt.
193 2629 235 2691 Et
267 2643 496 2711 anurnwsnnos
524 2635 558 2688 et
578 2621 706 2688 omnino
725 2647 849 2704 omnes,
873 2627 1029 2711 quotquot
1048 2624 1158 2692 lenita-

73 2749 129 2801 tem
151 2761 228 2828 erga
247 2737 377 2804 Iudaeos
398 2737 587 2803 adversarios
605 2737 646 2802 ab
666 2739 814 2830 Apostolo
829 2749 1027 2824 praeceptam
1038 2738 1157 2816 schint,

70 2849 150 2916 hunc
173 2853 209 2916 in
233 2853 339 2916 locum
359 2851 544 2934 important,
574 2851 662 2936 quod¹
679 2849 794 2918 Versus
811 2851 1033 2936 praecedentes
1055 2853 1095 2918 ab
1120 2872 1157 2916 eo

68 2964 203 3030 alienum
224 2965 319 3030 fuisse
339 2962 463 3028 docent.
1193 3046 1197 3054 ἰ

110 3079 204 3161 Quod
232 3078 373 3164 sequitur
395 3077 429 3139 in
450 3075 548 3141 altero
572 3075 731 3141 membro:
762 3077 801 3142 '0
825 3073 940 3162 Κίμος
963 3074 1068 3163 ἐγγύς,
1089 3078 1157 3144 Bo·

68 3197 173 3258 mt'nus
201 3191 292 3282 (llle,
325 3189 380 3276 qui
406 3170 558 3252 Dominus
590 3185 647 3275 est)
666 3211 776 3281 prope
797 3197 862 3274 est,
886 3189 1042 3276 triplicem
1067 3189 1156 3256 nobis

67 3304 153 3370 allert
173 3303 403 3393 quaestionem:
430 3301 500 3388 quis
522 3302 560 3366 sit
580 3305 605 3367 o‘¹
618 3299 749 3392 Κύρνος,
779 3302 976 3368 condicatur
996 3301 1109 3390 iwrio,
1124 3317 1156 3370 et

66 3421 225 3505 quomodo
250 3399 328 3496 haee
357 3416 507 3510 sententia
533 3414 696 3481 cohaereat
725 3437 799 3482 cum
828 3416 1005 3501 superiori·
1033 3417 1155 3504 Incipi-

65 3555 133 3598 mus
161 3535 204 3599 ab
235 3531 484 3619 appellationeo‘
517 3528 645 3618 Κύριος,
678 3537 773 3617 quam
805 3529 936 3594 fidenter
967 3531 1153 3616 explicarem

65 3646 173 3726 Dens,
211 3647 236 3711 si
258 3658 312 3712 aut
332 3646 454 3733 integra
472 3645 607 3710 formula
634 3643 786 3734 illiricus
803 3641 897 3730 ἐγγύς
910 3645 943 3708 in
967 3645 1074 3714 Veteri
1096 3649 1154 3711 Tc·

63 3771 220 3826 stamento
253 3771 398 3837 exstaret,
435 3771 489 3824 aut
510 3757 663 3846 quaedam
690 3759 720 3822 ei
739 3757 792 3824 hle
810 3759 1010 3826 circumiecta
1032 3771 1151 3838 essent,

64 3895 99 3936 ex
121 3871 241 3962 quinus
261 3863 505 3960 intelligeretur,
527 3895 655 3937 rsunnu
669 3873 752 3938 iuter
764 3873 963 3938 scribendum
985 3884 1057 3937 ante
1077 3895 1153 3939 ocu·

64 3987 108 4051 los
142 3986 290 4052 habuisse
321 3987 473 4052 rationem
506 3985 630 4052 dicendi
662 3986 809 4052 Hebraeis
837 3986 971 4072 antiquis
998 3985 1151 4056 usitatam.
1224 3992 1228 3998 ’

63 4100 136 4168 Loci
161 4100 251 4166 enim
272 4101 351 4166 Nori
370 4100 573 4178 Testamenti,
591 4099 625 4164 in
646 4100 761 4189 quibus
781 4099 872 4166 Deus
894 4108 1022 4162 vocatur
1048 4097 1155 4167 otto-

63 4237 141 4300 ριος,
173 4216 220 4280 ita
243 4215 410 4301 comparati
432 4235 495 4278 esse
513 4214 630 4292 solent,
658 4225 693 4278 ut
712 4211 889 4295 verborum,
901 4211 1021 4278 Veteris
1047 4213 1155 4278 Teste-

62 4329 164 4394 menti
183 4329 236 4393 vel
256 4329 492 4415 repetitionem,
510 4327 558 4398 rel
575 4326 777 4408 imitationem
794 4323 949 4412 quandam
965 4327 1153 4394 contineant:
