2856 5028
456 335 523 380 car.
546 314 572 380 I.
597 285 681 378 vass.
709 319 765 390 13,
793 319 843 382 tr.
1152 321 1190 380 71
1238 294 1242 301 Ι

157 503 238 586 Quid
258 503 422 587 plerosque
442 498 553 564 Christi
572 509 750 576 sectatores,
774 501 829 586 qui
847 498 973 566 Romae
994 513 1099 583 erant,
1120 513 1191 594 mo7

117 617 202 696 verit,
223 613 342 680 indicat
364 636 479 678 riorus
499 612 663 678 scribendo
683 608 870 691 πεποιθότας
887 619 951 692 τοῖς
967 615 1089 698 δεσμοῖς
1112 637 1195 698 μου,

115 732 143 802 id
172 742 233 808 est,
251 727 386 816 fiducia
411 729 573 794 collocata
593 731 629 790 in
647 727 787 792 αιἰιοιιίίο
808 730 906 793 moia:
928 727 1191 814 quemadmodum

115 843 203 908 Phil.
229 847 268 907 21
295 839 452 918 πεποιθώς
473 846 516 932 τῇ
536 841 660 932 ὑπακοῇ
679 861 736 908 σου
757 851 803 905 est
814 840 948 928 fiducia
974 837 1191 908 collocatura

113 956 290 1022 οόιιλίοπίια
313 963 391 1032 λαα;
416 957 489 1020 et2
517 952 595 1022 Gor.
617 955 662 1017 X:
688 956 706 1019 7
726 952 816 1030 εἴτις
831 953 978 1036 πέποιθεν
994 953 1193 1048 ἑαυτῷ-Χρι-

112 1075 181 1137 orosi
194 1066 286 1151 εἶναι,
302 1071 335 1132 αι’
346 1067 591 1157 qus'sfidom'am
610 1070 648 1134 ιὀι
670 1089 705 1132 ro
724 1069 906 1149 collocavit,
922 1089 958 1132 se
970 1089 1096 1134 cuarsm
1109 1091 1191 1134 caso.

113 1181 249 1250 Voluisse
275 1194 382 1246 autem
404 1181 527 1246 videtur
545 1191 669 1260 auctor,
691 1181 854 1266 plerosque
875 1179 988 1246 horum
1012 1179 1192 1261 hominum,

114 1319 182 1361 cum
191 1296 376 1381 Apostolum
392 1296 457 1362 sine
475 1305 562 1360 metu
579 1293 703 1360 vincula
713 1295 794 1358 ferre
806 1291 962 1373 viderent,
972 1294 1053 1381 ipsos
1065 1316 1191 1360 omnem

114 1429 235 1494 quoque
257 1406 317 1472 sibi
335 1407 471 1474 evellisse
491 1408 683 1494 scrupulum.
730 1409 812 1496 Ergo
834 1407 1014 1476 mirandiun
1033 1424 1190 1490 uouerat,
1263 1408 1266 1426 ¹

114 1543 160 1586 eos
177 1521 393 1610 περισσοτέρως
404 1527 522 1614 τολμᾷν
535 1516 660 1609 ἀφόβοις
676 1520 729 1588 τᾶν
744 1519 833 1608 λόγον
851 1527 972 1612 λαλεῖν,
1002 1521 1192 1590 Adrerbium

113 1631 249 1724 dodica,
271 1635 294 1698 si
320 1635 450 1700 orationi
474 1635 608 1713 deesset,
632 1653 725 1700 nemo
749 1635 953 1718 desideraret3
982 1637 1130 1724 quoniam
1151 1639 1192 1704 od

115 1747 294 1814 hudandam
315 1745 411 1814 animi
431 1747 647 1814 fortitudinem
670 1748 732 1813 iam
755 1749 886 1816 sufficiat
903 1750 1034 1815 verbum
1053 1757 1191 1845 τολμᾷνι
1295 1795 1296 1799 ,

113 1883 180 1926 oum
207 1885 281 1930 vero
304 1862 494 1948 adscriptum
517 1862 571 1941 sit,
597 1884 671 1928 cave
690 1873 796 1948 putes,
820 1861 882 1929 duo
903 1863 957 1928 illa
977 1864 1193 1954 περισσοτέρως

112 1972 231 2061 ἀφόβοις
264 1999 403 2042 connexa
430 1985 461 2042 et
488 1977 587 2062 posita
611 1995 676 2040 esse
696 1997 763 2061 pro
777 1999 841 2042 uuo
857 1955 1060 2066 ὀλφοβοτλρωμ
1101 1977 1194 2060 Quod

113 2089 163 2173 qui
192 2111 265 2157 cum
298 2113 421 2186 cacum
448 2103 593 2170 censent,
625 2089 728 2154 mium
752 2091 1016 2171 animadvertunt,
1039 2090 1214 2158 Adverbias

116 2200 163 2268 illa
183 2203 289 2271 Verbo
315 2202 476 2268 interiecto
497 2203 541 2268 ita
561 2203 711 2293 separari,
732 2185 771 2272 ,ut
789 2216 943 2272 structura
963 2205 1112 2293 coniungi
1133 2225 1193 2269 ns-
1273 2211 1275 2218 ’

117 2330 234 2402 queam.
281 2319 320 2382 Et
349 2319 488 2404 prolecto
517 2319 603 2383 nulla
625 2341 716 2386 causa
738 2327 800 2395 est,
823 2339 880 2382 cur
898 2318 937 2382 ab
955 2339 1008 2394 eo,
1028 2319 1112 2404 quod
1134 2312 1192 2383 usu

117 2431 217 2510 tritum
246 2443 307 2510 est,
332 2431 518 2498 discedatur.
569 2429 794 2518 Περισσοτέριος
807 2413 936 2520 ’τολμᾷν
952 2429 1103 2518 significat
1131 2433 1193 2496 ab·

118 2545 309 2629 undantius,
332 2547 353 2611 i.
369 2568 396 2612 e.
416 2545 546 2634 maigeo,
564 2565 664 2632 αααια
686 2552 786 2634 antec
809 2543 944 2609 ααοῖονο.
981 2545 1047 2609 Iam
1070 2544 1104 2610 iu
1123 2547 1195 2610 sub·

21 2711 23 2726 .
117 2657 194 2725 iactis
214 2656 341 2746 ἀφόβως
359 2657 412 2726 τᾶν
432 2654 520 2744 λόγον
541 2663 643 2724 λαλεῖν
662 2657 793 2724 imitatio
816 2657 954 2724 cernitur
982 2659 1130 2724 sermonis
1150 2661 1194 2726 fa-

118 2772 253 2853 miliaris,
278 2795 342 2860 quo
361 2791 451 2857 saepe
468 2771 574 2860 plura,
604 2791 699 2856 mam
717 2791 796 2856 opus
816 2781 878 2849 est,
899 2771 993 2837 verba
1013 2770 1052 2838 ad
1077 2768 1193 2860 augen—
1279 2752 1284 2760 ’

116 2886 184 2952 dam
202 2887 248 2952 rei
272 2885 453 2974 gravitatem
471 2884 674 2950 adhibentur·
702 2885 766 2956 Nec
786 2883 937 2950 redundat
955 2896 1059 2950 tamen
1077 2886 1194 2965 Adver-

108 2999 199 3064 sium
220 2996 362 3087 ἀφόβως,
382 2999 442 3064 nisi
462 2999 582 3087 absque
604 3005 690 3063 motu
711 2997 798 3085 loqui
816 2999 1047 3092 asseveraveris,
1061 3000 1194 3086 quicun-

116 3135 173 3200 que
194 3114 283 3200 loqui
306 3113 438 3178 audeat.
484 3112 574 3177 Haud
592 3112 685 3197 plane
704 3109 851 3176 dissimile
875 3123 920 3175 cst
936 3111 1054 3178 dicium
1076 3129 1197 3180 assoon

115 3227 151 3292 de
181 3249 346 3294 usxruriso
375 3233 492 3317 τολμᾷν
512 3219 634 3314 ὥρμητο
653 3222 892 3313 θρασύνεσθαι,
922 3225 1101 3298 carleolum
1131 3229 1201 3294 sici

117 3346 285 3408 carnositas
306 3343 488 3406 insolenter
507 3321 668 3426 efferemli
688 3335 747 3426 (1).
792 3337 953 3401 Formulae
974 3359 1047 3402 vero
1069 3337 1196 3427 ἀφόβως

114 3454 163 3522 adv
189 3449 278 3541 λόγον
303 3461 405 3519 λαλεῖν
434 3451 561 3530 omnino
589 3452 732 3517 convenit
755 3449 840 3536 quod
861 3448 980 3535 scripsit
1001 3473 1097 3518 sucos
1118 3451 1195 3520 Aer.

114 3567 169 3638 IV:
200 3573 239 3636 31
275 3570 403 3642 ἐλάλουν
432 3568 485 3634 cdv
513 3563 602 3652 λόγον
629 3569 687 3632 τοῦ
715 3567 796 3631 Θεοῦ
815 3562 894 3647 perci
918 3565 1095 3654 παῤῥησιάς.
1134 3566 1195 3630 Sed

21 3731 22 3744 ο
116 3692 218 3746 utrum
239 3681 410 3748 verbasci
429 3682 526 3758 Θεοῦ,
547 3699 627 3764 quae
647 3676 700 3742 hio
721 3676 831 3744 multis
844 3677 877 3741 in
899 3676 984 3742 libris
1005 3678 1139 3766 antiquis
1150 3678 1195 3742 le·
1225 3689 1227 3695 ’

21 3775 23 3784 ‚
117 3804 246 3880 gomma,
281 3816 300 3858 a
329 3814 429 3858 osuio
450 3793 588 3878 proiecta
610 3791 690 3869 sint,
714 3813 754 3854 an
775 3789 901 3882 aliunde
930 3788 1015 3857 hunc
1036 3792 1195 3860 inlocum

21 3919 22 3988 ζ
116 3905 292 3992 importata,
324 3905 401 3972 adeo
423 3905 564 3998 ncndpm
585 3904 777 3990 exploratum
799 3926 864 3968 esse
883 3901 1019 3983 videtur,
1041 3914 1077 3967 ut
1094 3904 1197 3969 omnis
1299 3889 1304 3900 ’

21 4003 23 4102 ξ
118 4015 289 4104 disputandi
320 4039 410 4084 causa
432 4018 550 4084 sublata
574 4017 621 4082 sit.
668 3997 764 4082 llulto
785 4015 887 4112 minus
909 3999 1011 4082 tamesi
1030 4016 1197 4082 verriculo

152 4253 189 4322 (λ)
206 4260 276 4310 Hiar.
297 4260 397 4311 Εοολιι.
414 4258 467 4309 tib.
487 4259 528 4308 lll.
548 4275 601 4324 cip.
619 4259 659 4306 to.
678 4255 714 4304 Gl.
735 4267 844 4304 rrrsiov.
862 4255 926 4302 lom.
945 4253 990 4302 lll.
1002 4238 1032 4318 ¹p.
1048 4211 1111 4305 tta!
