2808 5032
742 262 761 296 ,N

329 367 331 372 ’
428 391 498 434 err.
522 369 577 438 tv.
596 390 684 436 vens.
705 373 737 434 3.
851 361 864 392 “
1067 367 1132 443 273
1155 401 1158 407 ,

64 551 272 618 tabellarium..
304 554 346 616 At
376 553 425 616 val
456 519 628 620 sic'nmen
654 576 719 619 non
740 529 883 620 'osenuri
912 573 976 618 non
1005 571 1130 638 possum
1177 639 1180 646 ⁴

64 685 214 745 nurnero,
233 685 361 730 aninmo
380 664 525 753 aliisque,
547 666 603 753 qui
625 665 840 754 Apostrophcn
859 665 964 732 minus
982 675 1130 752 opportu-

64 767 127 842 nam
144 777 297 859 iudicant3
331 778 479 866 quoniam
502 801 751 858 nrarnnonrrus,
774 803 838 846 non
853 775 1054 870 Philippis,
1077 777 1131 844 sed

17 973 21 991 l
64 888 176 957 domoc
195 889 268 968 faut,
292 913 368 958 eum
387 902 499 965 auctor,
515 893 690 985 *elpistolam¹
707 894 870 958 scrihebat.
914 894 1011 959 ltlulto
1033 892 1131 980 magis
1175 943 1179 948 .

64 1025 126 1067 vero
147 1003 331 1071 reiieiendae
349 1016 422 1071 sunt
443 1005 659 1084 coniecturae,
684 1005 867 1093 Apostolum
889 1027 921 1070 se
940 1005 979 1070 ad
1004 1025 1130 1080 runnu,

63 1117 234 1198 velentur,
262 1120 313 1185 rel
339 1141 528 1200 annueret,
553 1122 617 1200 rel,
651 1105 961 1186 irt'nneornlnucro
979 1118 1013 1184 in
1038 1140 1132 1182 meu-

62 1242 116 1296 tem
143 1235 243 1312 vehit,
270 1234 311 1301 ad
328 1220 496 1302 custodem
517 1238 685 1320 carceris,
710 1236 766 1322 qui
787 1233 863 1301 net.
883 1234 958 1302 XVI
976 1221 1151 1297 memora-s

62 1354 120 1422 tur,
151 1336 353 1414 convertisse:
387 1348 503 1436 quippe
535 1369 616 1435 qrrae
645 1349 730 1414 omni
758 1348 953 1435 plane,‘qno
975 1347 1134 1423 nitantur,

63 1469 157 1527 carent
184 1472 381 1548 argumento.
428 1462 516 1544 Quae
542 1483 616 1528 cum
643 1462 691 1527 ita
694 1461 791 1540 sint,
820 1459 899 1528 nihil
917 1459 1002 1527 aliud
1025 1470 1134 1537 restat,

63 1589 147 1656 qtram
176 1574 329 1640 sententia
363 1595 550 1640 unrrurnsn
579 1587 610 1642 et
641 1576 864 1662 plerorumque
903 1574 1135 1660 interpretum,

62 1685 182 1751 maxime
214 1687 442 1767 recentiorum,
475 1687 577 1754 virum
610 1688 768 1776 quendam
796 1687 885 1753 nobis
917 1665 1136 1775 incognitum,

43 1797 106 1863 ‘sed
130 1799 211 1865 inter
238 1798 477 1892 Philippenses
504 1803 625 1868 clarum
659 1793 880 1888 compellatum
910 1821 985 1867 esse.
1033 1801 1136 1869 Verba

61 1909 146 1998 igitur
172 1909 428 2002 Σύζυγεγνήσιε,
448 1890 561 2002 quilius
582 1913 751 1980 similitudo
771 1917 864 1994 inest,
884 1939 902 1980 a
921 1913 1025 1980 bubus
1042 1913 1138 2000 petita

61 2025 108 2089 uni
129 2025 203 2115 iugo
223 2027 594 2115 subiectis‚inte1pretor
616 2027 696 2096 Soet
714 2052 790 2095 cere
810 2029 858 2094 vel
878 2027 971 2094 etiam
990 2009 1138 2117 Compar

57 2159 224 2226 germane,
260 2154 296 2207 ut
320 2165 393 2209 oum
417 2167 658 2210 nurnosrnsrao
681 2143 809 2233 aliisque
831 2142 996 2212 Veteribus
1017 2140 1140 2227 scripsit

61 2251 225 2343 Vulgotns
250 2255 406 2322 latinns.
456 2259 493 2347 lp
513 2281 550 2350 eo
563 2269 685 2336 tamen,
706 2266 782 2323 'cunr
801 2255 976 2322 offensionis
994 2253 1138 2319 nonnihil

59 2362 160 2434 haheat
179 2369 346 2438 insolentia
363 2371 448 2450 socii,
467 2371 594 2438 nomine
606 2377 779 2460 suppresso,
790 2369 823 2434 in
833 2368 982 2436 auxilium
994 2367 1135 2446 vocandi,
1221 2423 1225 2430 .

41 2480 178 2548 subsisto
200 2483 301 2572 magis
324 2505 418 2572 quam
434 2475 614 2571 acquiesco.
646 2549 648 2554 .

94 2595 263 2684 Sequentia
295 2596 373 2682 μετυέ
399 2597 450 2664 nui
469 2595 654 2686 ,Κλήμεντος
680 2599 732 2666 καὶ
757 2603 821 2667 τῶν
847 2600 962 2666 λοιπῶν
986 2599 1137 2684 συνεργῶν
1187 2592 1195 2604 ²

55 2732 109 2788 μου
138 2712 301 2791 nonnulli,
322 2724 358 2778 ut
382 2733 553 2790 oooonrus,
575 2735 745 2795 sronnrps,
768 2733 922 2789 risuros,
945 2719 1137 2776 connectunt

55 2842 120 2888 cum
139 2825 248 2894 Verbo
266 2823 498 2912 συλλαμβάνυυ,
520 2825 663 2914 plerique
686 2849 759 2892 oum
782 2824 922 2913 proxime
942 2823 1136 2910 praeceden-
1201 2867 1205 2875 ·

54 2933 138 3004 llbus.
184 2940 256 3004 lloc
284 2962 361 3005 vero
387 2940 433 3004 illi
462 2939 534 3027 plus
564 2963 627 3006 una
644 2939 691 3015 ‚de
707 2924 804 3006 causa
817 2937 1057 3026 praeferendum
1079 2939 1150 3002 ests
1195 2943 1200 2952 “

52 3047 123 3116 Nam
152 3053 193 3119 ad
215 3076 308 3140 opem
328 3054 488 3120 ferendam
510 3056 673 3122 convocari
693 3078 757 3120 non
777 3056 885 3122 solent
894 3052 1033 3118 homines
1053 3073 1134 3138 vago
1230 3077 1253 3144 ᾗ

40 3173 78 3233 nt
98 3165 221 3234 incerto
247 3167 339 3234 titulo
368 3175 432 3236 τῶν
451 3175 566 3237 λοιπῶν
586 3175 744 3258 συνεργῶν.
795 3167 914 3233 Deinde
935 3165 1134 3240 vehementer

49 3276 159 3366 frigent
183 3293 345 3368 postrema
361 3275 410 3366 ᾦν
440 3282 481 3351 rol
504 3281 642 3378 ὀνόματα
673 3293 731 3348 cet.
757 3283 781 3346 si
808 3281 1045 3362 admonitioni,
1069 3299 1134 3343 non
1240 3347 1242 3352 ,

9 3431 14 3438 -
48 3411 115 3456 vero
135 3396 332 3460 laudationi
350 3397 487 3463 subiecta
508 3403 589 3463 suut.
625 3399 706 3462 Tum
724 3395 783 3462 hac
800 3405 956 3480 structura
976 3391 1133 3470 orationis,
1165 3442 1167 3446 -

48 3523 122 3589 qua,
161 3509 283 3588 nescio,
318 3521 394 3596 quot
416 3492 569 3576 ¹homines
601 3509 641 3576 ad
670 3508 919 3576 succurrendum
935 3507 1134 3592 ¹mulieribus

46 3615 171 3694 laudatis
202 3624 395 3702 excitentur,
424 3625 560 3690 multum
589 3603 759 3712 splendoris
784 3622 956 3716 praeponis
978 3633 1009 3686 et
1029 3619 1135 3686 virtuti

44 3750 150 3799 earum
170 3733 356 3802 detrahitur.
402 3737 591 3825 Particulam
616 3741 685 3813 καί,
706 3761 787 3826 quae
810 3749 928 3804 temere
946 3760 965 3802 a
982 3737 1134 3804 Veterum

43 3848 203 3913 nonnullis
236 3850 346 3916 omissa
376 3861 437 3930 est,
470 3851 517 3915 illi
545 3871 673 3940 quoque
695 3863 868 3921 structurae
890 3851 1026 3928 obstare,
1059 3855 1133 3914 con-

41 3959 169 4026 tendere
195 3983 262 4028 non
288 3963 386 4029 ausim
411 3987 484 4030 cum
509 3979 742 4036 nnnrnwnn'oo.
788 3966 850 4033 Sed
877 3965 917 4031 ad
948 3961 1133 4028 sententiam
1227 3992 1230 3996 ·

40 4071 205 4161 vulgarem
237 4077 430 4162 probandam
462 4058 647 4166 argumenta
676 4081 833 4170 proposita
863 4075 1030 4144 sufficiunt.
1085 4071 1135 4142 td

39 4203 236 4256 consuuntur
257 4191 356 4294 igitur
375 4192 553 4280 exemplum
573 4191 747 4273 Commate,
779 4193 864 4284 quod
883 4193 1063 4259 Pronomini
1081 4209 1136 4268 μοι

38 4300 223 4372 subiectum
243 4318 305 4388 est,
325 4307 445 4388 deleto,
466 4308 584 4388 Graeca
599 4307 803 4394 interpretor:
829 4304 1061 4399 (laborarunt
1073 4331 1138 4374 mc-

358 4439 361 4446 ’
444 4432 447 4438 “
966 4427 1005 4487 18
