2818 5032
291 392 357 454 280
669 411 739 454 car.
761 389 817 458 lv.
841 411 927 457 vens.
952 399 983 458 5.

288 574 324 638 in
345 573 412 638 aliis
429 594 502 638 vero
520 571 574 640 bic
594 571 720 640 honoris
741 573 849 642 titulus
868 579 963 666 vulgo
981 577 1129 644 tribuitur
1144 601 1276 646 onmsro.
1293 577 1334 646 lo

288 685 406 776 quemi
433 686 530 775 igitur
557 707 632 752 usus
657 686 749 752 nobis
765 688 828 756 iam
849 689 974 772 mdo,
994 701 1030 756 ut
1053 715 1127 758 cum
1148 694 1334 780 Interpretibus

287 795 462 886 plerisque,
492 819 571 885 quos
596 794 707 885 Sym
727 799 892 886 praecessit
911 801 1077 870 scribendo
1096 793 1187 901 ἑὲ,
1209 801 1335 886 drusum

285 915 420 982 auctoris
451 915 484 980 in
508 925 615 980 mente
635 915 730 982 fuisse
748 939 937 986 censeamus.
983 919 1045 986 Sed
1065 919 1147 988 banc
1167 921 1335 997 scatentem,

275 1039 322 1094 ‚ut
350 1049 491 1095 uooorua
512 1027 628 1115 aliique
650 1042 798 1110 monent,
821 1033 1006 1100 confirmant
1030 1035 1243 1116 circumiecta3
1260 1055 1335 1120 qum

286 1141 456 1230 doquidem
484 1153 515 1206 et
543 1121 695 1209 cumsrbs
721 1165 765 1210 rs.
787 1147 817 1223 1,
839 1150 877 1226 2,
898 1145 1202 1237 exspectetur,
1223 1157 1250 1212 et
1268 1149 1336 1212 rat

282 1255 375 1324 neo
393 1279 412 1324 a
435 1255 576 1322 nomem
595 1255 806 1345 distinguitur.
851 1261 886 1326 Si
904 1272 1011 1328 autem
1031 1262 1207 1350 quaeritur,
1227 1255 1337 1348 quidde

281 1381 369 1440 notet
397 1369 589 1439 Adrerbium
619 1367 724 1458 ἒγγύςς
757 1393 912 1440 morrono
945 1373 1026 1440 illud
1055 1373 1266 1460 exponendum
1292 1370 1335 1436 ait:

277 1493 424 1577 paratos
455 1493 506 1550 est
537 1484 586 1551 acl
613 1507 704 1575 opem
728 1487 927 1576 ferendam:
954 1486 1129 1554 cuiusmodi
1155 1482 1337 1572 interpretatio

279 1601 343 1666 iarn
363 1599 481 1687 placuit
505 1621 642 1668 rausero
664 1601 834 1688 multisque
852 1601 939 1681 aliis,
962 1613 1027 1668 tam
1047 1601 1242 1680 recentioris,
1264 1617 1336 1686 quem

280 1713 462 1803 antiquioris
485 1715 608 1794 aetatis,
629 1714 723 1782 etiam
742 1735 967 1794 sermonem,
990 1721 1105 1798 rouro,
1127 1733 1335 1785 umrwnoc

280 1849 485 1895 nmumsro.
533 1829 573 1894 Et
596 1827 626 1893 ei
655 1826 732 1916 quid
806 1839 987 1916 comparant
1006 1828 1175 1894 formulam
1194 1837 1261 1901 eoa*
1278 1829 1338 1914 lb?

279 1942 409 2011 Paolm.
433 1943 580 2014 XXXIV:
606 1946 658 2010 19.
783 1945 895 2016 :„151.
917 1942 1038 2013 CXLV:
1065 1947 1117 2012 18.
1165 1941 1225 2009 Sed
1240 1939 1288 2006 hos
1302 1938 1337 2002 lo

282 2077 335 2122 cos
365 2044 444 2121 non
458 2077 523 2120 esse
552 2053 683 2134 similes,
706 2054 911 2144 intelligimus
939 2051 1338 2145 inde,qu0dt01mutsitt

281 2169 316 2236 in
347 2189 412 2234 nno
442 2188 552 2232 eorum
584 2151 728 2234 cohaeret
758 2189 832 2254 cum
862 2167 964 2234 verbis
984 2149 1194 2252 abrami),
1214 2169 1246 2234 in
1265 2167 1338 2232 altero

281 2301 356 2347 cum
375 2259 573 2389 ῚᾙἾΡἮΒ,
595 2280 709 2368 quibus
727 2282 810 2367 opud
830 2282 1036 2370 Interpretem
1055 2283 1158 2352 Alex.
1183 2278 1338 2371 respondent

280 2394 416 2461 Graeca:
441 2399 505 2472 τοῖς
533 2393 790 2483 συντετριμμώοις
806 2397 864 2483 τήν
882 2398 1008 2485 καρδίαν
1027 2407 1059 2460 et
1079 2401 1159 2463 πᾶσι
1177 2403 1239 2473 τοῖς
1258 2395 1339 2460 tuso·

278 2505 435 2592 λουμένοις
464 2503 567 2574 αὐτόν.
617 2507 656 2572 In
683 2507 775 2572 tertio
806 2477 1040 2582 Hebraeafeom
1063 2517 1141 2580 ersa
1164 2515 1257 2602 ΒἹἸΡ,
1279 2499 1339 2590 quae

279 2619 414 2686 reddidit
436 2619 608 2706 Interpres:
641 2616 729 2705 typi:
750 2615 780 2686 cl
794 2615 906 2710 Κύριε,
935 2619 1139 2686 Paralleliomi
1159 2642 1246 2688 causa
1262 2613 1338 2703 sigri-

279 2733 375 2800 ficare
395 2731 561 2798 videntur:
597 2730 713 2820 Prope
741 2733 845 2817 miti,
866 2757 885 2800 o
906 2731 1048 2812 loteva,
1073 2737 1145 2799 tois
1166 2757 1203 2800 ea
1221 2728 1338 2798 mondo-

278 2852 345 2932 tio,
367 2839 418 2912 iel
440 2854 517 2912 onte
542 2845 652 2910 oculos
675 2844 760 2908 mebi
780 2854 858 2908 runt
878 2847 1040 2912 mandata
1062 2855 1142 2922 tua:
1165 2844 1339 2934 quemadno

147 3021 149 3028 ,
279 2962 359 3028 dum
377 2959 476 3028 beot.
504 2957 607 3023 XXX:
641 2958 683 3020 14
711 2951 751 3020 de
776 2955 865 3020 iussis
885 2956 1003 3024 Divinis
1028 2957 1163 3046 legimus
1182 2939 1261 3053 ‘pbat
1277 2961 1338 3045 :t'tp

222 3125 223 3128 η
280 3085 385 3148 'tmo-
431 3070 560 3138 Etiamsi
578 3091 651 3134 vero
666 3067 743 3134 haec
766 3069 994 3156 argumentatio
1014 3071 1117 3155 murus
1132 3073 1247 3150 valeat,
1273 3063 1339 3134 valde

279 3199 385 3253 tamen
406 3181 612 3271 improbabile
636 3193 698 3262 est,
721 3180 762 3248 ad
785 3203 894 3248 vocem
921 3172 1009 3270 ἐγγύς
1038 3185 1196 3260 ior-,raom
1214 3181 1339 3283 Epistola,

178 3365 182 3374 .
278 3301 335 3373 ubi
355 3299 395 3368 de
413 3318 551 3366 currere
569 3307 751 3383 usurpatur,
775 3296 1005 3383 explicandam,
1028 3301 1197 3366 nonnullos
1217 3297 1339 3366 adhibere

278 3414 441 3510 Psalmos,⁸
463 3411 519 3500 qui
546 3407 652 3476 Deum
669 3409 850 3496 praedicant
872 3411 1044 3476 cultoribus
1066 3413 1129 3481 suis
1151 3422 1338 3500 praesentem,

211 3611 214 3616 Ι
279 3537 372 3614 atque
387 3526 429 3592 ita
449 3525 610 3590 notionem
629 3523 658 3588 ei
681 3525 845 3612 affingere,
866 3525 1066 3612 scriptoribus
1086 3529 1166 3593 Novi
1179 3517 1340 3594 Testamenti

277 3640 371 3729 plane
392 3631 605 3727 incognitam.¹
640 3639 761 3703 Horum
781 3649 886 3704 autem
909 3639 1095 3726 scriptorum
1119 3642 1145 3706 si
1163 3639 1340 3710 habendaru-

277 3755 403 3832 tioest,
426 3751 511 3818 haud
530 3751 609 3829 scio,
632 3773 672 3816 an
698 3773 762 3816 una
780 3751 855 3815 leroi
873 3753 968 3838 possit
990 3756 1143 3822 sententia
1161 3777 1282 3832 eorum,
1300 3743 1340 3834 qui

277 3889 388 3934 vocem
417 3865 660 3950 interpretantur
680 3887 791 3955 prope
816 3868 922 3941 obstat
948 3867 997 3931 vel
1025 3867 1175 3936 similiter.
1222 3871 1263 3932 Er
1282 3860 1339 3928 loeis

279 3991 381 4058 certe,
415 3999 492 4066 quos
516 3975 670 4063 congessit
696 3997 1017 4059 sorrscurmoorms,
1039 3977 1301 4069 apparet'vooem,
1322 3970 1340 4036 si

178 4120 180 4123 ·
278 4095 399 4160 Nomen
427 4092 456 4158 ei
483 4089 533 4154 rel
561 4089 738 4156 Pronomcn
765 4091 802 4156 in
825 4093 970 4158 Genitivo
995 4097 1044 4160 vel
1069 4097 1177 4162 Dativo
1208 4095 1340 4162 adiectum

279 4228 343 4270 non
373 4216 432 4292 est,
464 4199 582 4293 ubique
613 4203 677 4270 fere
704 4212 830 4296 tempos
849 4206 996 4274 denotare
1022 4211 1114 4276 brevi
1135 4211 1340 4277 adventuros.

280 4318 370 4400 Quod
397 4317 449 4403 blo
474 4317 567 4384 etiam
587 4316 654 4384 fieri
675 4316 757 4384 haud
779 4319 960 4406 paucil'iri
983 4325 1131 4391 sermonis
1150 4323 1259 4392 veteris
1275 4312 1340 4406 perl-
