2856 5028
375 475 379 484 ,
407 427 474 472 etr.
494 405 517 470 l.
538 427 624 471 vrrs.
646 383 682 481 3,
705 409 741 481 4,
757 362 791 470 ¹5.
1093 409 1150 488 tt,

21 615 22 618 ¹
87 584 277 656 ieronimum
297 589 491 678 restringitur
506 591 644 676 proxime
660 590 868 676 sequentibus,
885 591 1022 657 ubivoce
1034 589 1136 678 δέησις

50 722 53 726 ·
85 703 166 766 ninus
183 704 376 791 petitionem
411 707 466 768 rei
491 711 623 793 optatae
654 703 702 766 vel
726 704 1015 793 supplicatim,
1042 724 1149 790 quam,

86 813 238 910 metientem
261 837 373 881 coram
393 814 464 882 lleo
486 816 630 881 habitam
655 816 703 880 vel
722 819 944 901 precationem
968 815 1135 904 generatim

84 927 176 993 dictam
201 928 374 1016 significare
402 928 537 1006 videtur,
567 927 829 1015 quemadmodum
847 951 914 1014 cup.
933 929 978 997 lv
988 951 996 992 ε
1018 931 1055 1005 6,
1073 947 1135 1013 quo

82 1040 106 1102 in
127 1041 188 1106 loco
212 1039 253 1108 coi
271 1037 424 1127 αἰτήματα
441 1063 586 1128 ‘expresse
603 1041 763 1129 distinguit
782 1052 925 1108 auctona
950 1038 1135 1126 praeceden-

20 1237 21 1240 Ἴ
81 1151 143 1216 tibus
157 1148 310 1240 αροσεαχή
330 1164 359 1216 ct
371 1152 479 1240 δέησις.
510 1155 556 1219 Ito
576 1153 652 1220 baec
671 1176 727 1218 vor
746 1177 811 1221 non
825 1157 924 1222 solum
945 1175 1035 1240 saepe
1047 1174 1134 1218 usur-
1246 1145 1250 1152 ’

80 1275 164 1348 petus,
184 1265 230 1330 uti
247 1264 340 1352 Eplt.
360 1267 422 1334 vl:
446 1271 497 1334 18.
521 1271 535 1330 l
562 1265 644 1334 Tim.
664 1267 713 1332 11:
735 1271 764 1334 1.
791 1269 838 1336 V:
861 1273 879 1340 5
888 1293 896 1349 3
917 1266 971 1333 sed
990 1265 1135 1334 cretionis

80 1376 152 1440 etiem
177 1377 344 1442 similitudo
376 1376 446 1446 Col.
473 1379 507 1444 l:
535 1384 566 1446 3.
599 1383 613 1442 1
644 1378 758 1446 l'ltess.
785 1382 818 1444 1:
842 1386 872 1448 2.
903 1378 1030 1446 2Tim.
1049 1379 1133 1444 1:13.

78 1489 152 1556 Phil.
182 1494 201 1554 t
231 1513 317 1568 enm,
345 1513 397 1556 me
424 1491 545 1568 indice,
573 1491 626 1558 nte
647 1516 768 1559 sumere
785 1495 881 1594 iubet.
925 1495 1034 1579 Neque
1051 1490 1133 1556 uliud
1266 1545 1267 1550 ,

80 1603 186 1668 suadent
213 1603 306 1668 verba
325 1600 453 1712 naimone
471 1607 522 1672 ἐπὶ
540 1609 602 1672 τῶν
613 1611 791 1693 προσευχῶν
809 1631 870 1688 μου
884 1601 1021 1690 δεόμενος
1038 1603 1132 1671 limn.
1233 1665 1237 1668 .

79 1717 169 1784 1:10:
190 1739 264 1782 nem
282 1716 328 1782 uti
347 1717 548 1802 Participium
566 1714 720 1800 δεόμενος,
739 1719 783 1783 ibi
802 1718 954 1784 Particrrln
972 1716 1063 1796 εἴπας
1082 1711 1135 1784 de·

79 1827 195 1908 initum,
211 1831 404 1915 petitionem
422 1829 568 1895 denotare
587 1853 711 1896 necesse
729 1843 789 1911 est3
810 1831 853 1896 sic
871 1831 952 1896 inter
963 1829 1052 1908 illud,
1063 1851 1135 1896 cum

80 1964 121 2025 per
144 1966 173 2008 se
199 1931 358 2010 notionein
369 1947 544 2034 petitionis
560 1943 688 2023 habent,
708 1944 855 2010 interesse
872 1953 965 2029 puto,
985 1955 1016 2007 et
1033 1943 1135 2008 infini-
1228 1957 1231 1964 ·

80 2057 248 2143 tom,.quod
266 2055 328 2122 hac
344 2057 378 2122 in
397 2057 529 2142 Epistola
547 2055 678 2144 legitur,
706 2059 740 2124 iv
764 2053 850 2148 παίσῃ
870 2053 968 2144 δεήσει
986 2081 1056 2140 μου.
1079 2057 1134 2130 ,Et

79 2168 108 2234 ed
129 2169 217 2236 finem
244 2169 336 2236 huius
363 2191 466 2235 versus
487 2181 610 2248 auctor,
630 2192 687 2256 pro
705 2169 869 2256 Perticipin
889 2167 1048 2255 δεόμενος.
1062 2192 1134 2234 usus

79 2283 260 2350 ostendetur
278 2284 411 2350 formula
437 2280 493 2372 τήν
527 2282 631 2370 δέησιν
659 2283 850 2366 ποιούμενος,
878 2293 913 2348 ut
931 2283 1059 2348 lectores
1077 2282 1133 2348 sibi

76 2401 276 2480 precationem
297 2400 487 2486 generatim
508 2396 632 2460 dictam
654 2405 871 2480 proponerent.
916 2395 1015 2462 Versu
1032 2403 1153 2460 autem'

78 2510 221 2594 superiori,
243 2502 316 2576 eum
334 2509 411 2577 haee
429 2509 562 2575 formula
580 2507 689 2577 eiiam
707 2506 740 2570 in
758 2517 862 2571 mente
881 2518 980 2586 esset,¹
993 2529 1066 2584 non,
1089 2507 1133 2570 nti

79 2641 129 2686 nos
153 2633 230 2701 erat,
258 2621 363 2708 peston
377 2617 579 2705 1ποιούμενος,
606 2618 659 2684 sed
686 2629 806 2684 tannim
824 2620 875 2686 ἐπὶ
894 2623 936 2710 τῇ
954 2620 1041 2711 μνεία
1060 2615 1156 2686 scri·'

78 2743 149 2815 ptum
166 2757 228 2801 esse
247 2733 393 2820 suspicor.
422 2734 488 2798 lem
506 2753 642 2822 quonam
660 2732 763 2796 animo
780 2741 939 2817 precetur,
959 2730 1049 2797 docet
1066 2754 1133 2797 ver-

77 2845 200 2932 hispani
218 2854 336 2935 χαρᾶς,
357 2847 391 2912 id
412 2857 473 2924 est,
491 2869 562 2912 cnm
580 2845 724 2936 gaudio:
748 2866 804 2931 pro
825 2834 1132 2931 quibusnanipreca·

79 2957 111 3022 tio
135 2961 198 3041 fiat,
226 2972 354 3048 apparet
377 2947 684 3045 eiprnecedentibus
705 2954 1048 3044 internitentium,
1066 2979 1134 3045 pro

77 3073 148 3138 nobis
170 3077 328 3140 omnibns.
364 3071 512 3139 Omnium
531 3083 635 3138 eutem
654 3070 737 3136 haud
755 3049 820 3134 sine¹
838 3091 927 3134 causa
944 3068 1133 3144 mentionem

78 3183 144 3264 fieri,
169 3200 203 3252 ut
231 3209 305 3252 eum
328 3207 444 3252 snrrw
465 3182 511 3274 (1)
540 3184 695 3252 nonnulli
711 3184 896 3268 interpretes
914 3180 1133 3248 animadverte·

79 3311 150 3378 runt,
173 3299 292 3367 clnrius¹
311 3299 444 3364 elucebit
462 3321 499 3364 ex
517 3297 673 3383 frequenti
692 3295 872 3382 repetitione
887 3281 1038 3360 Adiectivi
1056 3290 1134 3361 niv-
1207 3361 1209 3368 ,

77 3435 127 3492 nc,
152 3436 192 3480 vs.
212 3417 250 3491 7,
270 3418 309 3490 8,
330 3416 383 3478 25.
410 3411 458 3475 ll:
482 3413 533 3488 17,
555 3413 608 3476 26.
634 3410 696 3477 IV:
717 3412 769 3474 21.
815 3407 934 3489 Quibus
952 3406 1026 3471 locis
1045 3405 1131 3484 nde,

78 3546 109 3589 tn
131 3529 295 3594 stabiliatur
322 3525 406 3613 quod
425 3545 516 3610 supra
536 3521 739 3600 coniecimus,
758 3521 791 3586 id
810 3520 907 3610 egisse
926 3541 1068 3597 rinnon,
1097 3530 1133 3584 ut

77 3634 296 3729 Philippenses
322 3639 419 3726 probe
450 3637 613 3714 sentirent,
634 3635 691 3704 sibi
708 3633 791 3701 haud
809 3632 905 3721 magis
923 3655 1015 3700 curae
1033 3629 1132 3697 cordi·

77 3749 128 3833 qie
152 3775 212 3818 esse
238 3751 378 3818 homines
403 3749 460 3818 sibi
478 3749 647 3828 beneficos,
668 3769 763 3835 quam
781 3747 892 3834 quibus
911 3745 1028 3812 donum
1045 3765 1132 3812 ncce-
1216 3737 1219 3746 ³

19 3879 24 3910 ¹
77 3871 152 3942 ptum
167 3888 230 3931 non
246 3865 382 3931 deberet.
413 3862 573 3950 Quidquid
591 3861 682 3927 huius
702 3861 747 3926 rei
767 3871 827 3938 est,
847 3882 951 3926 sensus
968 3859 1133 3926 verborum

78 3969 130 4039 buc
145 3977 233 4043 redit:
262 3981 510 4068 quotiesmnque
529 3997 670 4063 precor,
695 3997 758 4062 pro
781 3973 870 4040 vobis
896 3974 1039 4040 omnibus
1059 3990 1130 4036 cum

77 4089 194 4182 gmdic
204 4093 427 4180 precationem
441 4089 589 4178 faciens.
652 4139 653 4143 ,

19 4349 20 4392 3
102 4326 136 4394 (ι)
154 4338 237 4386 ome.
253 4334 283 4385 at
298 4335 322 4384 n.
341 4335 358 4387 ι.
385 4335 422 4386 cr.
440 4336 533 4385 onnus
552 4345 657 4382 nonos
675 4293 703 4379 ti
721 4329 744 4377 n.
762 4329 778 4376 ι.

140 4607 154 4646 t

1210 4111 1219 4146 t
