2808 5032
259 343 328 430 nso
507 451 509 458 Ι
593 383 661 430 ω.
684 361 738 428 111.
763 381 848 430 vno.
874 366 926 441 15,
952 365 1002 432 1s.

259 559 307 614 ter
337 545 469 624 reddidit
490 567 586 633 quam
605 550 799 636 quiscunque,
827 551 876 614 vel
893 557 1062 637 quotquot,
1086 559 1212 632 excepto
1231 548 1315 614 nnn·

260 681 403 738 mensio,
432 661 486 746 qui
511 683 595 738 eam,
629 641 768 747 opinioni
798 685 869 730 suae
901 663 1048 738 serviens,
1082 673 1198 725 temere
1228 661 1319 726 sumdt

260 795 317 860 pro
340 773 427 860 ἡμεῖς
456 774 505 854 οἱ,
535 795 593 838 nos
621 777 688 862 qui.
733 773 825 856 Quod
854 776 921 840 iure
945 776 1117 862 meritoque
1141 772 1321 860 reprehendit

262 905 489 964 uarnnrssms,
523 886 597 973 qui,
633 886 807 952 Pronomen
836 893 933 954 ’τοῦτο’
965 888 1003 952 ad
1043 888 1144 952 omnia
1181 887 1320 962 referens,

263 1020 342 1086 quae
366 1021 398 1062 se
425 997 587 1082 Apostolus
607 1021 699 1084 supra
724 1001 832 1066 sectari
849 995 999 1084 proies'sus
1023 1009 1082 1076 est,
1107 1020 1166 1064 neo
1187 1023 1206 1064 a
1224 1000 1326 1086 pleris-

261 1133 323 1198 que
354 1110 504 1197 discrepat
530 1111 768 1196 Interpretibne,
798 1133 900 1199 neque
927 1111 967 1176 ab
986 1133 1167 1177 oeouunnro
1190 1110 1279 1178 etiam
1298 1125 1323 1176 et

261 1244 529 1300 annornrmono,
565 1223 619 1287 ubi
649 1224 788 1308 proxime
818 1223 1030 1310 praecedentia
1062 1248 1103 1290 rs.
1134 1229 1176 1290 14
1206 1224 1324 1310 spectari

184 1336 186 1344 ’
259 1349 393 1404 censent.
440 1337 478 1400 Et
504 1357 576 1426 sane
601 1335 769 1402 audiendos
790 1358 852 1402 non
873 1358 955 1412 esse,
980 1334 1035 1421 qui
1055 1357 1170 1401 nexum
1193 1333 1323 1401 orationis

255 1453 288 1514 in
317 1471 405 1514 versu
435 1452 476 1516 10
505 1448 601 1514 aliare
625 1457 712 1533 parte
744 1449 900 1524 remotiori
920 1460 1089 1534 quaerant,
1121 1471 1157 1515 ex
1180 1449 1247 1534 ipso
1270 1448 1321 1512 ian

259 1561 417 1630 communi
441 1560 633 1626 Pronominis
655 1559 737 1624 iliius
765 1583 823 1626 usu
851 1560 1061 1648 intelligimus.
1108 1561 1223 1648 Utique
1242 1559 1321 1624 rerba

219 1749 223 1764 ,
256 1695 349 1740 riona
381 1673 581 1760 probabiliter
613 1674 656 1739 sio
684 1674 918 1759 explicabimus:
963 1673 1061 1740 Illud
1090 1678 1200 1764 agitata*
1226 1697 1322 1751 omne,

259 1788 348 1879 quod
366 1809 471 1878 mpro
490 1787 725 1864 commendam,
744 1796 914 1876 quotquot,
936 1797 1091 1875 tanquam
1108 1788 1231 1864 cdaalti,
1252 1796 1322 1854 eete-

256 1879 547 1990 rr's'perfeetiores
569 1921 700 1983 manus,
723 1907 924 1990 expetamus.
973 1899 1034 1964 Sed
1057 1901 1184 1966 sortasse
1203 1902 1321 1986 Apooto

257 2011 305 2078 lus
326 2033 425 2078 unum
442 2012 477 2076 in
492 2021 598 2076 mento
621 2010 729 2076 habuit
749 2016 903 2100 βραβεῖον,
929 2022 963 2075 ut
988 2010 1091 2078 dicere
1109 2013 1217 2076 vellet:
1240 2011 1324 2078 Illud

259 2129 368 2216 igitur
382 2126 572 2214 praemium
592 2127 771 2190 vocetiomb
789 2118 958 2200 coelestis,
978 2131 1132 2211 quotquot
1149 2135 1208 2190 oet.
1234 2123 1321 2206 Quid-

260 2237 336 2328 quid
351 2237 442 2304 huius
456 2236 502 2301 rei
519 2241 574 2314 ett,
591 2237 745 2304 Particula
763 2231 828 2316 oda,
848 2257 1037 2324 quemquam
1050 2237 1207 2302 vocabulis
1220 2229 1280 2306 ὅσοι
1297 2248 1322 2300 et

259 2351 363 2421 edisses
392 2349 570 2436 interposita
599 2361 664 2440 ¹est,
697 2349 786 2437 iungi
805 2360 909 2415 tamen
932 2349 1115 2414 debetcum
1137 2349 1240 2417 Verbo
1256 2374 1322 2435 ppo

261 2469 367 2547 νῶμεν.
388 2463 443 2532 (iff.
466 2463 605 2530 dictord
626 2486 693 2549 cap.
715 2463 763 2528 II:
790 2468 818 2542 l,
842 2467 886 2552 2.ἢ
1102 2519 1105 2524 .

303 2576 466 2674 Quomodo
491 2576 669 2642 membrum
693 2576 843 2670 posterius
859 2579 910 2642 καὶ
938 2576 968 2644 εἴ
993 2604 1022 2643 τι
1051 2576 1160 2664 ἑτέρως
1186 2584 1322 2665 φρονεῖτε,

138 2711 142 2718 ·
257 2692 308 2754 καὶ
328 2695 418 2757 τοῦτο
431 2689 457 2756 ’ὅ
476 2688 551 2768 Ordo
563 2689 639 2773 ὑμῖν
658 2687 848 2774 ἀποκαλύψει
868 2711 940 2754 oum
961 2691 1056 2776 priori
1067 2688 1237 2767 cohaereat,
1249 2688 1321 2754 diotn

176 2879 180 2884 Ι
257 2801 382 2866 difficile
411 2813 464 2867 est.
509 2804 672 2881 Homeros,
701 2825 758 2889 pro
780 2803 809 2870 εἴ
825 2831 854 2870 τι
886 2803 1055 2891 legendum
1081 2826 1146 2882 esse
1170 2803 1322 2870 ooniioiens

257 2917 282 2981 ai
306 2915 365 2996 ἔτι,
395 2915 521 3003 'trigonio
551 2938 606 2980 suo
631 2937 730 3002 aeque
759 2916 870 2982 abusus
900 2929 944 2981 est
973 2928 1067 3003 atque
1096 2939 1251 2996 nnssuos,
1276 2913 1322 3000 qui

259 3032 391 3096 nimium
411 3031 538 3097 credens
557 3033 680 3099 vitiosae
698 3033 921 3099 nonnullorum
940 3035 1096 3100 librorum·
1107 3011 1263 3120 scriptioni
1278 3049 1322 3092 re·

255 3145 392 3224 velavit,
415 3145 567 3210 Futurum
589 3144 777 3232 ἀποκαλύψει
795 3149 921 3213 formose
939 3148 973 3213 in
990 3149 1146 3212 doristum
1162 3143 1323 3223 desudans

258 3258 443 3324 mutandum
459 3260 579 3324 censuit
591 3256 649 3348 (1).
674 3259 859 3326 Prudentius
878 3261 930 3325 ille
949 3261 1050 3347 primo
1068 3259 1216 3345 adspectu
1225 3259 1261 3323 de
1268 3253 1323 3320 Ad·

256 3372 360 3435 verbio
377 3371 485 3462 ἑτέρως
504 3371 655 3438 iudicasse
673 3372 810 3452 ridetur,
835 3396 888 3452 eo,
912 3395 1038 3460 nempe,
1061 3370 1227 3460 significari
1243 3389 1323 3434 secus

255 3485 431 3571 aliquanto
453 3509 550 3574 quam
575 3493 711 3576 oportet.
758 3487 820 3552 Sed
840 3498 875 3551 ut
896 3485 970 3551 huic
989 3485 1248 3572 interpretationi,
1271 3479 1323 3543 nisi

252 3595 361 3674 fallor,
390 3597 510 3664 obstant
538 3610 692 3685 postrema
718 3598 809 3664 huius
830 3622 932 3664 versus
950 3602 1000 3705 qai
1019 3605 1109 3667 τοῦτο
1130 3610 1190 3664 cet.
1220 3595 1324 3684 quippe

255 3711 439 3790 indicantia,
468 3735 531 3778 non
558 3713 744 3798 praecedere
766 3712 884 3800 aliquid
900 3712 1161 3814 ‘vituperandum
1184 3711 1234 3776 sed
1258 3707 1324 3780 1111-

254 4018 328 4054 nsum
352 4006 381 4057 ad
399 4018 510 4056 suscnm
527 4011 661 4076 Supplices
680 4026 717 4062 vss
733 4015 793 4062 466.
813 4014 849 4063 Cf.
869 4015 937 4063 etot.
964 4016 1026 4065 Urit.
1047 4015 1110 4064 Noe·
1128 4013 1192 4061 Tou.
1213 4007 1322 4058 v.n.1.

141 4093 146 4108 ''
251 4111 276 4160 p¹
297 4099 340 4146 87.

284 4187 324 4255 (l)
351 4192 473 4244 Vrcroaln.
500 4195 577 4266 etiam
596 4193 650 4260 ptua
673 4195 744 4244 semel
761 4199 853 4264 scripsit
871 4200 1001 4250 revetavit.
1038 4197 1083 4248 Sed
1100 4198 1194 4249 Veteres
1211 4193 1232 4242 in
1250 4204 1322 4241 amoro

250 4279 335 4348 tuisse,
353 4296 427 4334 mnne
444 4284 533 4353 aliique
550 4285 609 4338 bene
628 4287 788 4338 ostenderunt.
