2818 5032
256 371 322 438 328
630 380 699 426 car.
720 359 774 426 lv.
796 379 880 424 vrrs.
902 355 955 424 20.

255 575 384 644 ponere.
429 549 547 614 Rursus
577 567 649 612 roro
679 545 841 630 Apostolus
865 541 1042 608 huiusmodi
1072 543 1180 630 gloriae
1199 542 1298 607 llirinac

255 663 516 756 praedicationem
546 657 643 724 rarius
665 657 704 722 ad
727 656 897 722 literarum
924 677 1047 721 suarum
1067 655 1159 720 finem
1179 657 1299 730 collocat,

258 797 414 865 nusquam
442 776 502 851 ita,
536 782 571 836 ut
590 771 660 838 solis
679 768 911 836 salutationibus
933 768 1152 853 praemittatur.
1193 767 1300 832 llorolo-

258 895 310 984 gia
331 891 428 980 igitur
447 911 506 954 nec
528 885 567 954 ad
592 877 759 952 oratione'm
784 881 1017 966 praecedentem
1039 879 1300 956 consummandam,

258 1027 362 1094 neque
384 1001 424 1068 ad
447 999 610 1086 Epistolam
635 1007 730 1060 totam
749 993 995 1062 concludendam
1014 1015 1086 1058 usus
1105 991 1301 1070 emendetur,

258 1118 311 1184 scd
334 1128 370 1182 ut
391 1115 436 1182 rei
460 1111 644 1200 mugatorio
664 1106 838 1174 tractationi
847 1109 1040 1196 generalem
1057 1107 1114 1172 Dei
1125 1105 1302 1172 laudationem

259 1231 416 1298 adiiceret.
461 1225 552 1294 fluns
581 1239 694 1304 nempe
723 1219 934 1286 Hebraeorum
961 1243 1081 1286 morem
1107 1241 1217 1288 rursus
1233 1240 1303 1302 saepe

257 1353 381 1413 secutus
401 1350 457 1416 ert,
479 1335 523 1398 uti
546 1333 658 1398 docent
675 1332 752 1400 Gal.
764 1335 796 1398 l:
811 1340 840 1400 5.
861 1333 951 1422 Epir.
965 1335 1025 1400 llI:
1038 1337 1092 1400 21.
1109 1339 1124 1398 l
1140 1333 1170 1399 Τ
1167 1336 1219 1397 im.
1229 1333 1251 1395 l:
1264 1335 1301 1394 17.

259 1462 279 1524 2
305 1457 391 1526 Tim.
413 1450 470 1517 IV:
496 1449 548 1514 18.
595 1444 711 1512 Eodem
737 1447 830 1512 modo
848 1469 879 1511 sc
897 1445 989 1512 babet
1011 1446 1146 1514 formula
1167 1445 1303 1512 Precatio-

261 1570 311 1648 ni,
334 1587 409 1656 quae
429 1559 560 1636 dicitur,
581 1559 760 1626 Dominicao
783 1561 876 1626 scrius
897 1559 1043 1627 adiuncta
1063 1559 1188 1626 Mutet.
1200 1559 1304 1628 vtzlt,

261 1683 315 1750 ubi
337 1670 552 1748 attendendum
571 1693 698 1759 quoque
722 1684 767 1738 est
789 1674 828 1738 ad
852 1673 991 1742 Verbum
1011 1675 1110 1753 ἐστίν,
1133 1673 1241 1758 quippe
1258 1691 1306 1754 quo

261 1795 472 1884 argumentum
490 1783 657 1868 praebetur
676 1785 852 1850 discedendi
872 1787 912 1852 ab
933 1786 1077 1871 opinione
1101 1784 1236 1873 vulgari,
1249 1805 1306 1846 riu·

262 1927 322 1976 aua
343 1895 517 1985 Optutivum
540 1897 586 1984 εἴη
606 1897 655 1962 vel
674 1895 912 1964 Subiunctivnm
931 1889 957 1988 ᾖ
984 1899 1152 1964 reticuisse.
1195 1899 1254 1962 Nec
1271 1893 1306 1956 ri-

263 2023 332 2094 ᾱρο,
355 2009 428 2098 quid
446 1989 603 2096 impediat,
619 2011 783 2098 quominus
803 2021 833 2074 et
851 2009 932 2076 banc
954 2011 988 2076 in
1009 2012 1224 2100 Horologium,
1244 2008 1306 2074 etio

262 2141 387 2202 ceteras,
409 2141 486 2206 quas
507 2122 618 2208 scripu
642 2124 706 2190 cius
727 2121 900 2201 continent,
933 2123 1140 2192 ludicativum
1154 2125 1228 2194 ‘dori
1242 2119 1307 2208 cogi-

261 2238 345 2310 tando
370 2235 549 2303 inseramus.
595 2238 750 2304 Particula
771 2249 875 2302 autem
891 2217 965 2317 ναί,
985 2259 1066 2324 quae
1086 2237 1241 2306 vocabulis
1255 2238 1308 2322 Θεῷ

260 2367 288 2424 st
314 2348 417 2436 Πντρὶ
445 2349 623 2435 interposita
645 2362 705 2428 est,
737 2349 928 2438 Eponegesin
950 2349 1036 2428 fieri,
1060 2363 1179 2419 norunt
1203 2370 1306 2424 omnes,
1369 2411 1370 2424 ,

235 2469 320 2534 ,ideo
341 2473 445 2528 tamen
469 2462 636 2528 dicendum
658 2483 721 2528 non
743 2474 801 2540 est,
827 2485 895 2528 eam
916 2463 973 2527 sibi
990 2462 1161 2530 adsciscere
1172 2464 1306 2530 notionem

255 2577 332 2644 vocis
353 2575 477 2642 Latinae
498 2599 611 2668 nernpc
630 2574 689 2665 (1).
734 2578 798 2642 Nec
819 2577 908 2642 facile
933 2575 1085 2642 dubitabit
1106 2578 1193 2664 quis,
1212 2576 1307 2644 anfor-

251 2690 335 2759 muta
368 2691 409 2766 εἷς
439 2688 509 2766 roric
536 2692 649 2766 αἰῶνας
671 2695 733 2756 τῶν
753 2685 871 2756 αἰώνων
901 2711 973 2754 cum
1001 2711 1076 2752 nnzs
1095 2691 1224 2776 aliisque
1244 2690 1307 2752 inter

249 2801 443 2870 Hebraismos
477 2800 656 2866 collocanda
688 2812 719 2864 et
747 2801 925 2886 explicanda
947 2802 985 2888 sit
1009 2805 1044 2864 in
1066 2811 1242 2870 aeternum.
1279 2801 1307 2862 llt
1370 2849 1371 2902 p

250 2913 421 2981 secundum
451 2936 571 2978 morem
602 2913 815 2978 Hebraeorum
847 2915 1014 3001 Donologia
1045 2916 1197 2981 vocabulo
1224 2912 1307 3002 α’μήν,

250 3028 377 3093 Graecis
398 3027 573 3114 incognito,
603 3026 642 3090 ad
664 3025 898 3113 significandum
926 3030 976 3092 ita
994 3009 1149 3116 prrffccto
1172 3039 1222 3095 cst
1240 3051 1302 3094 con-

250 3141 405 3218 cluditur,
439 3153 475 3204 ut
504 3161 798 3206 nnnrsonuarnnrrus
828 3140 943 3228 aliique
966 3141 1188 3230 Lexicogrepbi
1213 3141 1306 3226 copio-

250 3277 282 3320 so
305 3252 480 3322 ostendunt.
526 3253 610 3318 Mens
633 3252 728 3339 igitur
751 3277 842 3320 nsum
866 3276 929 3318 esso
950 3253 1086 3320 ridetur:
1121 3254 1213 3320 Beer
1231 3275 1305 3324 vero,

236 3373 310 3455 ¹qui
338 3368 424 3434 idem
456 3369 551 3432 orodis
579 3366 689 3431 Pater
726 3376 790 3441 ert,
824 3386 887 3432 nora
911 3368 1014 3432 solum
1039 3369 1102 3432 hac
1123 3372 1158 3432 r'n
1184 3391 1237 3450 rc,
1262 3364 1309 3430 sed

249 3484 286 3544 in
311 3482 455 3548 omnibus
479 3483 606 3544 omnino
625 3482 764 3549 virtores
787 3502 865 3549 sous
887 3489 1053 3550 aeteruum
1069 3483 1233 3558 illudtrot.
1263 3476 1307 3548 lto

246 3597 394 3688 prtp‘ecto
415 3601 474 3662 est.
