<?xml version="1.0" encoding="UTF-8"?>
<!DOCTYPE html PUBLIC "-//W3C//DTD XHTML 1.0 Transitional//EN"
    "http://www.w3.org/TR/xhtml1/DTD/xhtml1-transitional.dtd">
<html xmlns="http://www.w3.org/1999/xhtml" xml:lang="en" lang="en">
 <head>
  <title>
</title>
<meta http-equiv="Content-Type" content="text/html;charset=utf-8" />
  <meta name='ocr-system' content='tesseract 3.04.00' />
  <meta name='ocr-capabilities' content='ocr_page ocr_carea ocr_par ocr_line ocrx_word'/>
</head>
<body>
  <div class='ocr_page' id='page_1' title='image "./commentariusper01henggoog_0235.png"; bbox 0 0 2808 5032; ppageno 0'>
   <div class='ocr_carea' id='block_1_1' title="bbox 298 375 1027 472">
    <p class='ocr_par' dir='ltr' id='par_1_1' title="bbox 298 375 1027 472">
     <span class='ocr_line' id='line_1_1' title="bbox 298 375 1027 472; baseline 0.003 -14"><span class='ocrx_word' id='word_1_1' title='bbox 298 395 362 458; x_wconf 79' lang='lat'><strong>228</strong></span> <span class='ocrx_word' id='word_1_2' title='bbox 488 375 494 390; x_wconf 60' lang='lat'>⁸</span> <span class='ocrx_word' id='word_1_3' title='bbox 577 463 580 470; x_wconf 56' lang='grc'><strong><em>,</em></strong></span> <span class='ocrx_word' id='word_1_4' title='bbox 650 415 717 458; x_wconf 77' lang='lat' dir='ltr'><strong>car.</strong></span> <span class='ocrx_word' id='word_1_5' title='bbox 741 393 794 458; x_wconf 90' lang='lat' dir='ltr'><strong>lli.</strong></span> <span class='ocrx_word' id='word_1_6' title='bbox 825 413 908 459; x_wconf 80' lang='lat' dir='ltr'><strong>varas.</strong></span> <span class='ocrx_word' id='word_1_7' title='bbox 934 399 972 472; x_wconf 88' lang='grc'><strong>8,</strong></span> <span class='ocrx_word' id='word_1_8' title='bbox 997 399 1027 460; x_wconf 81' lang='lat'><strong>9.</strong></span> 
     </span>
    </p>
   </div>
   <div class='ocr_carea' id='block_1_2' title="bbox 231 575 1348 1454">
    <p class='ocr_par' dir='ltr' id='par_1_2' title="bbox 231 575 1348 1454">
     <span class='ocr_line' id='line_1_2' title="bbox 296 575 1348 666; baseline 0.003 -26"><span class='ocrx_word' id='word_1_9' title='bbox 296 575 409 662; x_wconf 83' lang='lat' dir='ltr'><strong>cipitur</strong></span> <span class='ocrx_word' id='word_1_10' title='bbox 444 577 597 664; x_wconf 84' lang='lat' dir='ltr'><strong>gradatio,</strong></span> <span class='ocrx_word' id='word_1_11' title='bbox 630 601 667 644; x_wconf 80' lang='lat' dir='ltr'><strong>ex</strong></span> <span class='ocrx_word' id='word_1_12' title='bbox 694 579 827 664; x_wconf 86' lang='lat' dir='ltr'><strong>pectoris</strong></span> <span class='ocrx_word' id='word_1_13' title='bbox 846 579 966 646; x_wconf 82' lang='lat' dir='ltr'><strong>fervore</strong></span> <span class='ocrx_word' id='word_1_14' title='bbox 987 581 1142 666; x_wconf 67' lang='lat' dir='ltr'><strong>proiecta,</strong></span> <span class='ocrx_word' id='word_1_15' title='bbox 1165 589 1196 642; x_wconf 90' lang='lat' dir='ltr'><strong>et</strong></span> <span class='ocrx_word' id='word_1_16' title='bbox 1215 576 1348 662; x_wconf 73' lang='lat' dir='ltr'><strong>rothadi</strong></span> 
     </span>
     <span class='ocr_line' id='line_1_3' title="bbox 293 683 1348 784; baseline -0.002 -30"><span class='ocrx_word' id='word_1_17' title='bbox 293 683 329 754; x_wconf 79' lang='lat' dir='ltr'><strong>is</strong></span> <span class='ocrx_word' id='word_1_18' title='bbox 348 700 379 754; x_wconf 89' lang='lat' dir='ltr'><strong>et</strong></span> <span class='ocrx_word' id='word_1_19' title='bbox 394 691 447 754; x_wconf 76' lang='lat' dir='ltr'><strong>&#39;tra</strong></span> <span class='ocrx_word' id='word_1_20' title='bbox 465 687 600 776; x_wconf 69' lang='lat' dir='ltr'><strong>Xeroriv</strong></span> <span class='ocrx_word' id='word_1_21' title='bbox 617 687 767 778; x_wconf 73' lang='grc' dir='ltr'><strong>κερδήσω,</strong></span> <span class='ocrx_word' id='word_1_22' title='bbox 798 713 879 784; x_wconf 81' lang='lat' dir='ltr'><strong>quac</strong></span> <span class='ocrx_word' id='word_1_23' title='bbox 897 693 946 756; x_wconf 86' lang='lat' dir='ltr'><strong>vix</strong></span> <span class='ocrx_word' id='word_1_24' title='bbox 966 715 1032 759; x_wconf 89' lang='lat' dir='ltr'><strong>una</strong></span> <span class='ocrx_word' id='word_1_25' title='bbox 1048 703 1127 757; x_wconf 87' lang='lat' dir='ltr'><strong>stare</strong></span> <span class='ocrx_word' id='word_1_26' title='bbox 1151 701 1318 778; x_wconf 86' lang='lat' dir='ltr'><strong>nequeunt,</strong></span> <span class='ocrx_word' id='word_1_27' title='bbox 1335 711 1348 752; x_wconf 92' lang='lat' dir='ltr'><strong>a</strong></span> 
     </span>
     <span class='ocr_line' id='line_1_4' title="bbox 292 799 1347 890; baseline 0.007 -27"><span class='ocrx_word' id='word_1_28' title='bbox 292 821 325 866; x_wconf 88' lang='lat' dir='ltr'><strong>sc</strong></span> <span class='ocrx_word' id='word_1_29' title='bbox 345 801 480 866; x_wconf 82' lang='lat' dir='ltr'><strong>invicem</strong></span> <span class='ocrx_word' id='word_1_30' title='bbox 500 813 688 887; x_wconf 73' lang='lat' dir='ltr'><strong>separantur.</strong></span> <span class='ocrx_word' id='word_1_31' title='bbox 716 804 835 890; x_wconf 55' lang='lat' dir='ltr'><strong>‘ltaque</strong></span> <span class='ocrx_word' id='word_1_32' title='bbox 855 805 991 887; x_wconf 82' lang='lat' dir='ltr'><strong>scribens</strong></span> <span class='ocrx_word' id='word_1_33' title='bbox 1011 826 1125 870; x_wconf 77' lang='lat' dir='ltr'><strong>rannus</strong></span> <span class='ocrx_word' id='word_1_34' title='bbox 1144 805 1273 890; x_wconf 78' lang='grc' dir='ltr'><strong><em>ἡγοῦμαι</em></strong></span> <span class='ocrx_word' id='word_1_35' title='bbox 1290 799 1347 870; x_wconf 76' lang='lat' dir='ltr'><strong>oti·</strong></span> 
     </span>
     <span class='ocr_line' id='line_1_5' title="bbox 290 911 1347 1002; baseline -0.005 -22"><span class='ocrx_word' id='word_1_36' title='bbox 290 917 371 995; x_wconf 79' lang='grc' dir='ltr'><strong><em>βαλα</em></strong></span> <span class='ocrx_word' id='word_1_37' title='bbox 390 911 479 993; x_wconf 67' lang='grc' dir='ltr'><strong><em>εἶναι,</em></strong></span> <span class='ocrx_word' id='word_1_38' title='bbox 498 924 534 978; x_wconf 85' lang='lat' dir='ltr'><strong>ut</strong></span> <span class='ocrx_word' id='word_1_39' title='bbox 558 913 682 978; x_wconf 88' lang='lat' dir='ltr'><strong>reticuit</strong></span> <span class='ocrx_word' id='word_1_40' title='bbox 698 912 816 994; x_wconf 76' lang='lat' dir='ltr'><strong>noina,</strong></span> <span class='ocrx_word' id='word_1_41' title='bbox 836 915 921 1002; x_wconf 90' lang='lat' dir='ltr'><strong>quod</strong></span> <span class='ocrx_word' id='word_1_42' title='bbox 941 915 975 980; x_wconf 93' lang='lat' dir='ltr'><strong>iu</strong></span> <span class='ocrx_word' id='word_1_43' title='bbox 992 916 1146 1002; x_wconf 90' lang='lat' dir='ltr'><strong>principio</strong></span> <span class='ocrx_word' id='word_1_44' title='bbox 1157 913 1287 978; x_wconf 87' lang='lat' dir='ltr'><strong>membri</strong></span> <span class='ocrx_word' id='word_1_45' title='bbox 1295 913 1347 997; x_wconf 88' lang='lat' dir='ltr'><strong>pri-</strong></span> 
     </span>
     <span class='ocr_line' id='line_1_6' title="bbox 288 1023 1347 1115; baseline -0.001 -28"><span class='ocrx_word' id='word_1_46' title='bbox 288 1023 351 1102; x_wconf 87' lang='lat' dir='ltr'><strong>oris</strong></span> <span class='ocrx_word' id='word_1_47' title='bbox 368 1025 498 1112; x_wconf 84' lang='lat' dir='ltr'><strong>legitur,</strong></span> <span class='ocrx_word' id='word_1_48' title='bbox 522 1026 566 1091; x_wconf 91' lang='lat' dir='ltr'><strong>sic</strong></span> <span class='ocrx_word' id='word_1_49' title='bbox 583 1025 679 1091; x_wconf 86' lang='lat' dir='ltr'><strong>animi</strong></span> <span class='ocrx_word' id='word_1_50' title='bbox 700 1027 847 1092; x_wconf 92' lang='lat' dir='ltr'><strong>commoti</strong></span> <span class='ocrx_word' id='word_1_51' title='bbox 871 1049 962 1094; x_wconf 89' lang='lat' dir='ltr'><strong>eausa</strong></span> <span class='ocrx_word' id='word_1_52' title='bbox 981 1027 1043 1094; x_wconf 93' lang='lat' dir='ltr'><strong>duo</strong></span> <span class='ocrx_word' id='word_1_53' title='bbox 1071 1028 1193 1115; x_wconf 89' lang='lat' dir='ltr'><strong>repetiit</strong></span> <span class='ocrx_word' id='word_1_54' title='bbox 1215 1027 1258 1090; x_wconf 92' lang='lat' dir='ltr'><strong>ibi</strong></span> <span class='ocrx_word' id='word_1_55' title='bbox 1279 1046 1347 1110; x_wconf 79' lang='lat' dir='ltr'><strong>repe</strong></span> 
     </span>
     <span class='ocr_line' id='line_1_7' title="bbox 231 1131 1347 1224; baseline 0.002 -24"><span class='ocrx_word' id='word_1_56' title='bbox 231 1131 234 1138; x_wconf 78' lang='lat'>&#39;</span> <span class='ocrx_word' id='word_1_57' title='bbox 289 1137 410 1205; x_wconf 90' lang='lat' dir='ltr'><strong>riunda.</strong></span> <span class='ocrx_word' id='word_1_58' title='bbox 433 1138 621 1204; x_wconf 77' lang='lat' dir='ltr'><strong>Gravitatem</strong></span> <span class='ocrx_word' id='word_1_59' title='bbox 643 1151 748 1206; x_wconf 86' lang='lat' dir='ltr'><strong>autem</strong></span> <span class='ocrx_word' id='word_1_60' title='bbox 770 1140 900 1206; x_wconf 90' lang='lat' dir='ltr'><strong>orationi</strong></span> <span class='ocrx_word' id='word_1_61' title='bbox 922 1140 1033 1208; x_wconf 88' lang='lat' dir='ltr'><strong>adiecit</strong></span> <span class='ocrx_word' id='word_1_62' title='bbox 1050 1163 1109 1206; x_wconf 90' lang='lat' dir='ltr'><strong>usu</strong></span> <span class='ocrx_word' id='word_1_63' title='bbox 1119 1140 1202 1207; x_wconf 81' lang='lat' dir='ltr'><strong>vocis</strong></span> <span class='ocrx_word' id='word_1_64' title='bbox 1213 1135 1347 1224; x_wconf 71' lang='grc' dir='ltr'><strong><em>σκύβαλα,</em></strong></span> 
     </span>
     <span class='ocr_line' id='line_1_8' title="bbox 287 1250 1348 1344; baseline -0.004 -29"><span class='ocrx_word' id='word_1_65' title='bbox 287 1250 321 1316; x_wconf 93' lang='lat' dir='ltr'><strong>id</strong></span> <span class='ocrx_word' id='word_1_66' title='bbox 348 1263 393 1316; x_wconf 84' lang='lat' dir='ltr'><strong>ost</strong></span> <span class='ocrx_word' id='word_1_67' title='bbox 412 1260 579 1331; x_wconf 84' lang='lat' dir='ltr'><strong>stercora,</strong></span> <span class='ocrx_word' id='word_1_68' title='bbox 607 1265 642 1318; x_wconf 91' lang='lat' dir='ltr'><strong>ut</strong></span> <span class='ocrx_word' id='word_1_69' title='bbox 663 1276 737 1320; x_wconf 89' lang='lat' dir='ltr'><strong>cum</strong></span> <span class='ocrx_word' id='word_1_70' title='bbox 762 1253 914 1344; x_wconf 80' lang='lat' dir='ltr'><strong>Vulgata</strong></span> <span class='ocrx_word' id='word_1_71' title='bbox 935 1254 1057 1321; x_wconf 79' lang='lat' dir='ltr'><strong>Latino</strong></span> <span class='ocrx_word' id='word_1_72' title='bbox 1077 1252 1270 1339; x_wconf 86' lang='lat' dir='ltr'><strong>interpretati</strong></span> <span class='ocrx_word' id='word_1_73' title='bbox 1293 1260 1348 1316; x_wconf 89' lang='lat' dir='ltr'><strong>sunt</strong></span> 
     </span>
     <span class='ocr_line' id='line_1_9' title="bbox 288 1363 1348 1454; baseline -0.004 -26"><span class='ocrx_word' id='word_1_74' title='bbox 288 1387 466 1444; x_wconf 80' lang='lat' dir='ltr'><strong>nonnosus,</strong></span> <span class='ocrx_word' id='word_1_75' title='bbox 488 1387 679 1445; x_wconf 68' lang='lat' dir='ltr'><strong>annonarios,</strong></span> <span class='ocrx_word' id='word_1_76' title='bbox 703 1389 796 1445; x_wconf 74' lang='lat' dir='ltr'><strong>saza,</strong></span> <span class='ocrx_word' id='word_1_77' title='bbox 819 1387 970 1444; x_wconf 78' lang='lat' dir='ltr'><strong>enorme,</strong></span> <span class='ocrx_word' id='word_1_78' title='bbox 988 1367 1080 1432; x_wconf 88' lang='lat' dir='ltr'><strong>multi</strong></span> <span class='ocrx_word' id='word_1_79' title='bbox 1094 1366 1147 1432; x_wconf 90' lang='lat' dir='ltr'><strong>alii</strong></span> <span class='ocrx_word' id='word_1_80' title='bbox 1160 1363 1219 1454; x_wconf 91' lang='lat'><strong>(1).</strong></span> <span class='ocrx_word' id='word_1_81' title='bbox 1257 1364 1348 1428; x_wconf 83' lang='lat' dir='ltr'><strong>Dicere</strong></span> 
     </span>
    </p>
   </div>
   <div class='ocr_carea' id='block_1_3' title="bbox 177 1477 1346 1569">
    <p class='ocr_par' dir='ltr' id='par_1_3' title="bbox 177 1477 1346 1569">
     <span class='ocr_line' id='line_1_10' title="bbox 177 1477 1346 1569; baseline -0.002 -29"><span class='ocrx_word' id='word_1_82' title='bbox 177 1477 180 1484; x_wconf 83' lang='lat'>&#39;</span> <span class='ocrx_word' id='word_1_83' title='bbox 286 1478 383 1566; x_wconf 84' lang='lat' dir='ltr'><strong>igitur</strong></span> <span class='ocrx_word' id='word_1_84' title='bbox 404 1480 485 1544; x_wconf 85' lang='lat' dir='ltr'><strong>vult:</strong></span> <span class='ocrx_word' id='word_1_85' title='bbox 509 1489 541 1544; x_wconf 83' lang='lat' dir='ltr'><strong>et</strong></span> <span class='ocrx_word' id='word_1_86' title='bbox 570 1481 711 1546; x_wconf 80' lang='lat' dir='ltr'><strong>aba&#39;r&#39;cere</strong></span> <span class='ocrx_word' id='word_1_87' title='bbox 735 1482 828 1546; x_wconf 79' lang='lat' dir='ltr'><strong>haud</strong></span> <span class='ocrx_word' id='word_1_88' title='bbox 848 1503 940 1546; x_wconf 83' lang='lat' dir='ltr'><strong>aecus</strong></span> <span class='ocrx_word' id='word_1_89' title='bbox 952 1499 1063 1569; x_wconf 80' lang='lat' dir='ltr'><strong>pergo</strong></span> <span class='ocrx_word' id='word_1_90' title='bbox 1083 1501 1181 1567; x_wconf 80' lang='lat' dir='ltr'><strong>quom</strong></span> <span class='ocrx_word' id='word_1_91' title='bbox 1195 1487 1346 1544; x_wconf 72' lang='lat' dir='ltr'><strong>stercora.</strong></span> 
     </span>
    </p>
   </div>
   <div class='ocr_carea' id='block_1_4' title="bbox 278 1573 1347 2241">
    <p class='ocr_par' dir='ltr' id='par_1_4' title="bbox 278 1573 1347 2241">
     <span class='ocr_line' id='line_1_11' title="bbox 278 1573 1346 1682; baseline -0.004 -24"><span class='ocrx_word' id='word_1_92' title='bbox 278 1587 363 1671; x_wconf 83' lang='grc' dir='ltr'><strong><em>Ἵνα,</em></strong></span> <span class='ocrx_word' id='word_1_93' title='bbox 389 1594 506 1680; x_wconf 90' lang='lat' dir='ltr'><strong>inquit,</strong></span> <span class='ocrx_word' id='word_1_94' title='bbox 540 1592 676 1682; x_wconf 73' lang='grc' dir='ltr'><strong><em>Χριστόν</em></strong></span> <span class='ocrx_word' id='word_1_95' title='bbox 695 1573 849 1682; x_wconf 68' lang='grc' dir='ltr'><strong><em>κερδῆσω,</em></strong></span> <span class='ocrx_word' id='word_1_96' title='bbox 877 1602 914 1658; x_wconf 81' lang='lat' dir='ltr'><strong>ut</strong></span> <span class='ocrx_word' id='word_1_97' title='bbox 944 1615 1104 1658; x_wconf 81' lang='lat' dir='ltr'><strong>cnarsruu</strong></span> <span class='ocrx_word' id='word_1_98' title='bbox 1132 1593 1346 1680; x_wconf 58' lang='lat' dir='ltr'><strong>lacnjocs&#39;rrm</strong></span> 
     </span>
     <span class='ocr_line' id='line_1_12' title="bbox 284 1701 1347 1795; baseline -0.001 -27"><span class='ocrx_word' id='word_1_99' title='bbox 284 1703 351 1768; x_wconf 89' lang='lat' dir='ltr'><strong>aliis</strong></span> <span class='ocrx_word' id='word_1_100' title='bbox 373 1704 487 1770; x_wconf 83' lang='lat' dir='ltr'><strong>verbis:</strong></span> <span class='ocrx_word' id='word_1_101' title='bbox 511 1713 556 1769; x_wconf 75' lang='lat' dir='ltr'><strong>ut¹</strong></span> <span class='ocrx_word' id='word_1_102' title='bbox 568 1706 718 1771; x_wconf 82' lang='lat' dir='ltr'><strong>solutori</strong></span> <span class='ocrx_word' id='word_1_103' title='bbox 738 1727 864 1772; x_wconf 82' lang='lat' dir='ltr'><strong>nuaram</strong></span> <span class='ocrx_word' id='word_1_104' title='bbox 885 1711 1194 1773; x_wconf 75' lang='lat' dir='ltr'><strong>communioneutor</strong></span> <span class='ocrx_word' id='word_1_105' title='bbox 1207 1703 1266 1795; x_wconf 84' lang='lat'><strong>(2),</strong></span> <span class='ocrx_word' id='word_1_106' title='bbox 1280 1701 1347 1790; x_wconf 87' lang='lat' dir='ltr'><strong>quod</strong></span> 
     </span>
     <span class='ocr_line' id='line_1_13' title="bbox 284 1813 1347 1908; baseline 0.005 -30"><span class='ocrx_word' id='word_1_107' title='bbox 284 1817 448 1900; x_wconf 85' lang='lat' dir='ltr'><strong>respondet</strong></span> <span class='ocrx_word' id='word_1_108' title='bbox 467 1817 720 1903; x_wconf 85' lang='lat' dir='ltr'><strong>praecedentibus</strong></span> <span class='ocrx_word' id='word_1_109' title='bbox 741 1816 796 1886; x_wconf 69' lang='lat' dir='ltr'><strong>seat</strong></span> <span class='ocrx_word' id='word_1_110' title='bbox 821 1819 858 1886; x_wconf 67' lang='lat' dir='ltr'><strong>rc*</strong></span> <span class='ocrx_word' id='word_1_111' title='bbox 883 1819 1030 1908; x_wconf 69' lang='grc' dir='ltr'><strong>ὑπερέχον</strong></span> <span class='ocrx_word' id='word_1_112' title='bbox 1056 1823 1112 1904; x_wconf 78' lang='grc' dir='ltr'><strong>τῆς</strong></span> <span class='ocrx_word' id='word_1_113' title='bbox 1129 1813 1267 1904; x_wconf 72' lang='grc' dir='ltr'><strong>γνώσεως</strong></span> <span class='ocrx_word' id='word_1_114' title='bbox 1284 1822 1347 1902; x_wconf 81' lang='grc' dir='ltr'><strong><em>Χρι-</em></strong></span> 
     </span>
     <span class='ocr_line' id='line_1_14' title="bbox 282 1926 1346 2017; baseline -0.003 -23"><span class='ocrx_word' id='word_1_115' title='bbox 282 1932 358 1994; x_wconf 80' lang='grc' dir='ltr'><strong><em>στοῦ</em></strong></span> <span class='ocrx_word' id='word_1_116' title='bbox 376 1926 487 2014; x_wconf 79' lang='grc' dir='ltr'><em>Ἰησοῦ.</em></span> <span class='ocrx_word' id='word_1_117' title='bbox 530 1930 685 1994; x_wconf 86' lang='lat' dir='ltr'><strong>Praesenti</strong></span> <span class='ocrx_word' id='word_1_118' title='bbox 711 1941 816 1996; x_wconf 88' lang='lat' dir='ltr'><strong>autem</strong></span> <span class='ocrx_word' id='word_1_119' title='bbox 835 1932 992 1997; x_wconf 75' lang='lat' dir='ltr'><strong>Acrisium</strong></span> <span class='ocrx_word' id='word_1_120' title='bbox 1010 1929 1185 2017; x_wconf 84' lang='lat' dir='ltr'><strong>subiungit,</strong></span> <span class='ocrx_word' id='word_1_121' title='bbox 1216 1929 1346 2016; x_wconf 88' lang='lat' dir='ltr'><strong>quonian</strong></span> 
     </span>
     <span class='ocr_line' id='line_1_15' title="bbox 283 2038 1347 2133; baseline 0.003 -32"><span class='ocrx_word' id='word_1_122' title='bbox 283 2039 407 2104; x_wconf 88' lang='lat' dir='ltr'><strong>lucrum</strong></span> <span class='ocrx_word' id='word_1_123' title='bbox 429 2063 493 2104; x_wconf 90' lang='lat' dir='ltr'><strong>uon</strong></span> <span class='ocrx_word' id='word_1_124' title='bbox 514 2041 615 2106; x_wconf 90' lang='lat' dir='ltr'><strong>solum</strong></span> <span class='ocrx_word' id='word_1_125' title='bbox 635 2055 786 2110; x_wconf 87' lang='lat' dir='ltr'><strong>memorat</strong></span> <span class='ocrx_word' id='word_1_126' title='bbox 807 2045 869 2111; x_wconf 88' lang='lat' dir='ltr'><strong>iam</strong></span> <span class='ocrx_word' id='word_1_127' title='bbox 890 2056 1071 2133; x_wconf 88' lang='lat' dir='ltr'><strong>acceptum,</strong></span> <span class='ocrx_word' id='word_1_128' title='bbox 1094 2041 1148 2108; x_wconf 89' lang='lat' dir='ltr'><strong>sed</strong></span> <span class='ocrx_word' id='word_1_129' title='bbox 1171 2042 1263 2111; x_wconf 85' lang='lat' dir='ltr'><strong>etiam</strong></span> <span class='ocrx_word' id='word_1_130' title='bbox 1284 2038 1347 2108; x_wconf 86' lang='lat' dir='ltr'><strong>assi-</strong></span> 
     </span>
     <span class='ocr_line' id='line_1_16' title="bbox 283 2152 1173 2241; baseline 0.01 -25"><span class='ocrx_word' id='word_1_131' title='bbox 283 2152 344 2216; x_wconf 85' lang='lat' dir='ltr'><strong>due</strong></span> <span class='ocrx_word' id='word_1_132' title='bbox 366 2152 556 2220; x_wconf 83' lang='lat' dir='ltr'><strong>incrementa</strong></span> <span class='ocrx_word' id='word_1_133' title='bbox 579 2163 751 2241; x_wconf 86' lang='lat' dir='ltr'><strong>capturum.</strong></span> <span class='ocrx_word' id='word_1_134' title='bbox 1169 2166 1173 2172; x_wconf 85' lang='lat'>&#39;</span> 
     </span>
    </p>
   </div>
   <div class='ocr_carea' id='block_1_5' title="bbox 752 2419 892 2480">
    <p class='ocr_par' dir='ltr' id='par_1_5' title="bbox 752 2419 892 2480">
     <span class='ocr_line' id='line_1_17' title="bbox 752 2419 892 2480; baseline 0 -2"><span class='ocrx_word' id='word_1_135' title='bbox 752 2435 837 2479; x_wconf 80' lang='lat' dir='ltr'><strong>vans.</strong></span> <span class='ocrx_word' id='word_1_136' title='bbox 862 2419 892 2480; x_wconf 87' lang='lat'><strong>9.</strong></span> 
     </span>
    </p>
   </div>
   <div class='ocr_carea' id='block_1_6' title="bbox 171 2591 1397 3381">
    <p class='ocr_par' dir='ltr' id='par_1_6' title="bbox 171 2591 1397 3381">
     <span class='ocr_line' id='line_1_18' title="bbox 204 2591 1397 2706; baseline -0.005 -25"><span class='ocrx_word' id='word_1_137' title='bbox 204 2621 211 2640; x_wconf 77' lang='lat'><strong>⁹</strong></span> <span class='ocrx_word' id='word_1_138' title='bbox 269 2633 271 2638; x_wconf 86' lang='lat'>·</span> <span class='ocrx_word' id='word_1_139' title='bbox 325 2616 502 2680; x_wconf 65' lang='lat' dir='ltr'><strong>‚arctissime</strong></span> <span class='ocrx_word' id='word_1_140' title='bbox 529 2635 602 2680; x_wconf 90' lang='lat' dir='ltr'><strong>cum</strong></span> <span class='ocrx_word' id='word_1_141' title='bbox 631 2611 767 2704; x_wconf 68' lang='lat' dir='ltr'><strong>repatriare</strong></span> <span class='ocrx_word' id='word_1_142' title='bbox 794 2591 959 2682; x_wconf 75' lang='lat' dir='ltr'><strong>cohaerent</strong></span> <span class='ocrx_word' id='word_1_143' title='bbox 988 2614 1081 2680; x_wconf 85' lang='lat' dir='ltr'><strong>verba</strong></span> <span class='ocrx_word' id='word_1_144' title='bbox 1103 2617 1154 2681; x_wconf 77' lang='grc' dir='ltr'><strong>καὶ</strong></span> <span class='ocrx_word' id='word_1_145' title='bbox 1180 2612 1346 2702; x_wconf 51' lang='lat' dir='ltr'><strong>&amp;osdrida</strong></span> <span class='ocrx_word' id='word_1_146' title='bbox 1396 2701 1397 2706; x_wconf 5' lang='grc' dir='ltr'>ἵ</span> 
     </span>
     <span class='ocr_line' id='line_1_19' title="bbox 282 2715 1345 2817; baseline -0.005 -24"><span class='ocrx_word' id='word_1_147' title='bbox 282 2715 384 2817; x_wconf 68' lang='grc' dir='ltr'><strong><em>αὐτῷ,</em></strong></span> <span class='ocrx_word' id='word_1_148' title='bbox 415 2729 458 2794; x_wconf 87' lang='lat' dir='ltr'><strong>ita</strong></span> <span class='ocrx_word' id='word_1_149' title='bbox 487 2741 524 2792; x_wconf 89' lang='lat' dir='ltr'><strong>ut</strong></span> <span class='ocrx_word' id='word_1_150' title='bbox 554 2727 723 2794; x_wconf 84' lang='lat' dir='ltr'><strong>delendum</strong></span> <span class='ocrx_word' id='word_1_151' title='bbox 750 2729 788 2793; x_wconf 91' lang='lat' dir='ltr'><strong>sit</strong></span> <span class='ocrx_word' id='word_1_152' title='bbox 813 2728 939 2794; x_wconf 85' lang='lat' dir='ltr'><strong>Comma</strong></span> <span class='ocrx_word' id='word_1_153' title='bbox 961 2728 1188 2813; x_wconf 86' lang='lat' dir='ltr'><strong>interpositum.</strong></span> <span class='ocrx_word' id='word_1_154' title='bbox 1233 2725 1345 2792; x_wconf 76' lang='lat' dir='ltr'><strong>sedne</strong></span> 
     </span>
     <span class='ocr_line' id='line_1_20' title="bbox 281 2839 1346 2927; baseline -0.006 -22"><span class='ocrx_word' id='word_1_155' title='bbox 281 2839 407 2905; x_wconf 82' lang='lat' dir='ltr'><strong>Comma</strong></span> <span class='ocrx_word' id='word_1_156' title='bbox 432 2841 523 2906; x_wconf 88' lang='lat' dir='ltr'><strong>ctiam</strong></span> <span class='ocrx_word' id='word_1_157' title='bbox 547 2840 583 2905; x_wconf 88' lang='lat' dir='ltr'><strong>iis</strong></span> <span class='ocrx_word' id='word_1_158' title='bbox 604 2842 806 2927; x_wconf 86' lang='lat' dir='ltr'><strong>postpositum</strong></span> <span class='ocrx_word' id='word_1_159' title='bbox 833 2840 908 2906; x_wconf 79' lang='lat' dir='ltr'><strong>ferri</strong></span> <span class='ocrx_word' id='word_1_160' title='bbox 934 2863 1021 2926; x_wconf 89' lang='lat' dir='ltr'><strong>posse</strong></span> <span class='ocrx_word' id='word_1_161' title='bbox 1049 2851 1142 2926; x_wconf 88' lang='lat' dir='ltr'><strong>puto,</strong></span> <span class='ocrx_word' id='word_1_162' title='bbox 1170 2854 1346 2926; x_wconf 87' lang='lat' dir='ltr'><strong>quamquam</strong></span> 
     </span>
     <span class='ocr_line' id='line_1_21' title="bbox 171 2937 1346 3044; baseline -0.003 -29"><span class='ocrx_word' id='word_1_163' title='bbox 171 2956 173 2960; x_wconf 81' lang='grc'><strong>’</strong></span> <span class='ocrx_word' id='word_1_164' title='bbox 279 2953 359 3016; x_wconf 91' lang='lat' dir='ltr'><strong>illud</strong></span> <span class='ocrx_word' id='word_1_165' title='bbox 390 2963 420 3018; x_wconf 83' lang='lat' dir='ltr'><strong>et</strong></span> <span class='ocrx_word' id='word_1_166' title='bbox 444 2954 630 3044; x_wconf 72' lang='lat' dir='ltr'><strong>interpretes·</strong></span> <span class='ocrx_word' id='word_1_167' title='bbox 653 2955 719 3019; x_wconf 84' lang='lat' dir='ltr'><strong>iere</strong></span> <span class='ocrx_word' id='word_1_168' title='bbox 742 2976 849 3019; x_wconf 88' lang='lat' dir='ltr'><strong>omnes</strong></span> <span class='ocrx_word' id='word_1_169' title='bbox 866 2937 1052 3039; x_wconf 83' lang='lat' dir='ltr'><strong>proliarunt,</strong></span> <span class='ocrx_word' id='word_1_170' title='bbox 1075 2952 1258 3036; x_wconf 83' lang='lat' dir='ltr'><strong>seutentiam</strong></span> <span class='ocrx_word' id='word_1_171' title='bbox 1279 2949 1346 3012; x_wconf 81' lang='lat' dir='ltr'><strong>hauc</strong></span> 
     </span>
     <span class='ocr_line' id='line_1_22' title="bbox 280 3064 1347 3152; baseline -0.004 -24"><span class='ocrx_word' id='word_1_172' title='bbox 280 3064 451 3132; x_wconf 82' lang='lat' dir='ltr'><strong>iudicantes</strong></span> <span class='ocrx_word' id='word_1_173' title='bbox 474 3065 663 3145; x_wconf 85' lang='lat' dir='ltr'><strong>absolutam,</strong></span> <span class='ocrx_word' id='word_1_174' title='bbox 689 3078 720 3130; x_wconf 86' lang='lat' dir='ltr'><strong>et</strong></span> <span class='ocrx_word' id='word_1_175' title='bbox 740 3065 877 3131; x_wconf 82' lang='lat' dir='ltr'><strong>Editoros</strong></span> <span class='ocrx_word' id='word_1_176' title='bbox 895 3087 1023 3152; x_wconf 84' lang='lat' dir='ltr'><strong>quoquc</strong></span> <span class='ocrx_word' id='word_1_177' title='bbox 1040 3065 1259 3146; x_wconf 87' lang='lat' dir='ltr'><strong>recentissimi,</strong></span> <span class='ocrx_word' id='word_1_178' title='bbox 1282 3081 1347 3128; x_wconf 83' lang='lat' dir='ltr'><strong>nos·</strong></span> 
     </span>
     <span class='ocr_line' id='line_1_23' title="bbox 257 3167 1347 3263; baseline -0.003 -19"><span class='ocrx_word' id='word_1_179' title='bbox 257 3167 429 3244; x_wconf 82' lang='lat' dir='ltr'><strong>&#39;sonamus</strong></span> <span class='ocrx_word' id='word_1_180' title='bbox 451 3190 482 3244; x_wconf 88' lang='lat' dir='ltr'><strong>et</strong></span> <span class='ocrx_word' id='word_1_181' title='bbox 502 3200 679 3245; x_wconf 84' lang='lat' dir='ltr'><strong>suuomms.</strong></span> <span class='ocrx_word' id='word_1_182' title='bbox 702 3181 827 3258; x_wconf 86' lang='lat' dir='ltr'><strong>Fateor,</strong></span> <span class='ocrx_word' id='word_1_183' title='bbox 843 3180 868 3244; x_wconf 91' lang='lat' dir='ltr'><strong>si</strong></span> <span class='ocrx_word' id='word_1_184' title='bbox 879 3179 998 3245; x_wconf 87' lang='lat' dir='ltr'><strong>Graeca</strong></span> <span class='ocrx_word' id='word_1_185' title='bbox 1011 3177 1206 3243; x_wconf 84' lang='lat' dir='ltr'><strong>reddantur:</strong></span> <span class='ocrx_word' id='word_1_186' title='bbox 1225 3185 1255 3242; x_wconf 84' lang='lat' dir='ltr'><strong>et</strong></span> <span class='ocrx_word' id='word_1_187' title='bbox 1267 3193 1347 3263; x_wconf 76' lang='lat' dir='ltr'><strong>repa·</strong></span> 
     </span>
     <span class='ocr_line' id='line_1_24' title="bbox 281 3283 1346 3381; baseline -0.006 -25"><span class='ocrx_word' id='word_1_188' title='bbox 281 3295 358 3359; x_wconf 66' lang='grc' dir='ltr'><strong>τίαν</strong></span> <span class='ocrx_word' id='word_1_189' title='bbox 376 3295 414 3356; x_wconf 77' lang='lat' dir='ltr'><strong>irs</strong></span> <span class='ocrx_word' id='word_1_190' title='bbox 435 3315 471 3357; x_wconf 85' lang='lat' dir='ltr'><strong>eo</strong></span> <span class='ocrx_word' id='word_1_191' title='bbox 490 3288 557 3381; x_wconf 84' lang='lat'><strong>(3),</strong></span> <span class='ocrx_word' id='word_1_192' title='bbox 579 3293 698 3358; x_wconf 85' lang='lat' dir='ltr'><strong>bonum</strong></span> <span class='ocrx_word' id='word_1_193' title='bbox 717 3290 791 3356; x_wconf 90' lang='lat' dir='ltr'><strong>hinc</strong></span> <span class='ocrx_word' id='word_1_194' title='bbox 810 3283 921 3357; x_wconf 78' lang='lat' dir='ltr'><strong>eioriri</strong></span> <span class='ocrx_word' id='word_1_195' title='bbox 941 3311 1082 3357; x_wconf 76' lang='lat' dir='ltr'><strong>aeusumt</strong></span> <span class='ocrx_word' id='word_1_196' title='bbox 1103 3299 1227 3356; x_wconf 82' lang='lat' dir='ltr'><strong>etcum</strong></span> <span class='ocrx_word' id='word_1_197' title='bbox 1247 3311 1281 3354; x_wconf 88' lang='lat' dir='ltr'><strong>eo</strong></span> <span class='ocrx_word' id='word_1_198' title='bbox 1299 3290 1346 3351; x_wconf 84' lang='lat' dir='ltr'><strong>io-</strong></span> 
     </span>
    </p>
   </div>
   <div class='ocr_carea' id='block_1_7' title="bbox 187 3475 1395 4392">
    <p class='ocr_par' dir='ltr' id='par_1_7' title="bbox 311 3475 1348 3564">
     <span class='ocr_line' id='line_1_25' title="bbox 311 3475 1348 3564; baseline -0.011 -20"><span class='ocrx_word' id='word_1_199' title='bbox 311 3496 351 3564; x_wconf 74' lang='lat' dir='ltr'>·(l)</span> <span class='ocrx_word' id='word_1_200' title='bbox 374 3498 550 3546; x_wconf 79' lang='lat' dir='ltr'><strong>Cnsssosroaos</strong></span> <span class='ocrx_word' id='word_1_201' title='bbox 565 3497 658 3564; x_wconf 86' lang='lat' dir='ltr'><strong>scripsit</strong></span> <span class='ocrx_word' id='word_1_202' title='bbox 675 3495 795 3564; x_wconf 66' lang='grc' dir='ltr'><strong>ἄχυρονς</strong></span> <span class='ocrx_word' id='word_1_203' title='bbox 815 3497 849 3546; x_wconf 85' lang='lat' dir='ltr'><strong>aio</strong></span> <span class='ocrx_word' id='word_1_204' title='bbox 866 3493 980 3545; x_wconf 79' lang='lat' dir='ltr'><strong>smenon.</strong></span> <span class='ocrx_word' id='word_1_205' title='bbox 997 3491 1082 3544; x_wconf 80' lang='lat' dir='ltr'><strong>osona.</strong></span> <span class='ocrx_word' id='word_1_206' title='bbox 1101 3475 1228 3540; x_wconf 77' lang='lat' dir='ltr'><strong>ausoauso.</strong></span> <span class='ocrx_word' id='word_1_207' title='bbox 1246 3488 1287 3540; x_wconf 76' lang='lat' dir='ltr'><strong>sed</strong></span> <span class='ocrx_word' id='word_1_208' title='bbox 1302 3486 1348 3535; x_wconf 82' lang='lat' dir='ltr'><strong>isaie</strong></span> 
     </span>
    </p>

    <p class='ocr_par' dir='ltr' id='par_1_8' title="bbox 187 3571 1395 3747">
     <span class='ocr_line' id='line_1_26' title="bbox 233 3571 1349 3655; baseline -0.012 -19"><span class='ocrx_word' id='word_1_209' title='bbox 233 3573 234 3578; x_wconf 62' lang='lat'><strong>,</strong></span> <span class='ocrx_word' id='word_1_210' title='bbox 279 3588 330 3636; x_wconf 87' lang='lat' dir='ltr'><strong>loco</strong></span> <span class='ocrx_word' id='word_1_211' title='bbox 346 3589 520 3637; x_wconf 77' lang='lat' dir='ltr'><strong>convenientior</strong></span> <span class='ocrx_word' id='word_1_212' title='bbox 537 3571 664 3655; x_wconf 50' lang='lat' dir='ltr'><strong>magisque¹</strong></span> <span class='ocrx_word' id='word_1_213' title='bbox 677 3598 761 3637; x_wconf 84' lang='lat' dir='ltr'><strong>testata</strong></span> <span class='ocrx_word' id='word_1_214' title='bbox 778 3597 813 3637; x_wconf 84' lang='lat' dir='ltr'><strong>ast</strong></span> <span class='ocrx_word' id='word_1_215' title='bbox 830 3589 996 3654; x_wconf 81' lang='lat' dir='ltr'><strong>interpretatio</strong></span> <span class='ocrx_word' id='word_1_216' title='bbox 1011 3599 1120 3636; x_wconf 75' lang='lat' dir='ltr'><strong>amcam</strong></span> <span class='ocrx_word' id='word_1_217' title='bbox 1131 3586 1240 3654; x_wconf 77' lang='grc' dir='ltr'><strong>κόπρος.</strong></span> <span class='ocrx_word' id='word_1_218' title='bbox 1256 3581 1298 3633; x_wconf 75' lang='lat' dir='ltr'><strong>(iii.</strong></span> <span class='ocrx_word' id='word_1_219' title='bbox 1310 3577 1349 3627; x_wconf 81' lang='lat' dir='ltr'><strong>ioci</strong></span> 
     </span>
     <span class='ocr_line' id='line_1_27' title="bbox 187 3662 1395 3747; baseline 0.001 -18"><span class='ocrx_word' id='word_1_220' title='bbox 187 3669 191 3672; x_wconf 60' lang='grc'><strong>’</strong></span> <span class='ocrx_word' id='word_1_221' title='bbox 232 3662 234 3666; x_wconf 17' lang='lat' dir='ltr'><strong>i</strong></span> <span class='ocrx_word' id='word_1_222' title='bbox 278 3679 567 3747; x_wconf 63' lang='lat' dir='ltr'><strong>spadanorum.</strong></span> <span class='ocrx_word' id='word_1_223' title='bbox 585 3692 718 3745; x_wconf 63' lang='lat' dir='ltr'><strong>aaramp.</strong></span> <span class='ocrx_word' id='word_1_224' title='bbox 736 3679 788 3728; x_wconf 77' lang='grc'><strong>868</strong></span> <span class='ocrx_word' id='word_1_225' title='bbox 804 3695 857 3746; x_wconf 77' lang='lat' dir='ltr'><strong>sqq.</strong></span> <span class='ocrx_word' id='word_1_226' title='bbox 1394 3663 1395 3730; x_wconf 85' lang='lat' dir='ltr'><strong>i</strong></span> 
     </span>
    </p>

    <p class='ocr_par' dir='ltr' id='par_1_9' title="bbox 277 3751 1348 3930">
     <span class='ocr_line' id='line_1_28' title="bbox 312 3751 1348 3842; baseline -0.014 -19"><span class='ocrx_word' id='word_1_227' title='bbox 312 3771 350 3842; x_wconf 75' lang='lat'><strong>(2)</strong></span> <span class='ocrx_word' id='word_1_228' title='bbox 366 3773 404 3822; x_wconf 85' lang='lat' dir='ltr'><strong>Sic</strong></span> <span class='ocrx_word' id='word_1_229' title='bbox 420 3789 500 3821; x_wconf 84' lang='lat' dir='ltr'><strong>rocem</strong></span> <span class='ocrx_word' id='word_1_230' title='bbox 513 3772 632 3842; x_wconf 78' lang='grc' dir='ltr'><strong><em>Χριστόν</em></strong></span> <span class='ocrx_word' id='word_1_231' title='bbox 648 3751 695 3820; x_wconf 83' lang='lat' dir='ltr'><strong>iaia</strong></span> <span class='ocrx_word' id='word_1_232' title='bbox 713 3769 742 3819; x_wconf 87' lang='lat' dir='ltr'><strong>ad</strong></span> <span class='ocrx_word' id='word_1_233' title='bbox 759 3759 952 3821; x_wconf 66' lang='lat' dir='ltr'><strong>casamariam·</strong></span> <span class='ocrx_word' id='word_1_234' title='bbox 964 3781 1068 3833; x_wconf 74' lang='lat' dir='ltr'><strong>unum,</strong></span> <span class='ocrx_word' id='word_1_235' title='bbox 1086 3758 1276 3832; x_wconf 76' lang='lat' dir='ltr'><strong>sedcoelestena,</strong></span> <span class='ocrx_word' id='word_1_236' title='bbox 1288 3770 1348 3812; x_wconf 82' lang='lat' dir='ltr'><strong>retn-</strong></span> 
     </span>
     <span class='ocr_line' id='line_1_29' title="bbox 277 3860 1160 3930; baseline -0.009 -15"><span class='ocrx_word' id='word_1_237' title='bbox 277 3867 308 3916; x_wconf 90' lang='lat' dir='ltr'><strong>iit</strong></span> <span class='ocrx_word' id='word_1_238' title='bbox 327 3874 409 3916; x_wconf 86' lang='lat' dir='ltr'><strong>auctor</strong></span> <span class='ocrx_word' id='word_1_239' title='bbox 426 3866 515 3930; x_wconf 80' lang='lat' dir='ltr'><strong>Epist.</strong></span> <span class='ocrx_word' id='word_1_240' title='bbox 533 3863 567 3912; x_wconf 78' lang='lat' dir='ltr'><strong>od</strong></span> <span class='ocrx_word' id='word_1_241' title='bbox 583 3864 698 3912; x_wconf 61' lang='lat' dir='ltr'><strong>Audacia.</strong></span> <span class='ocrx_word' id='word_1_242' title='bbox 717 3860 780 3928; x_wconf 81' lang='lat' dir='ltr'><strong>apud</strong></span> <span class='ocrx_word' id='word_1_243' title='bbox 798 3873 876 3911; x_wconf 78' lang='lat' dir='ltr'><strong>noras.</strong></span> <span class='ocrx_word' id='word_1_244' title='bbox 895 3861 1012 3912; x_wconf 65' lang='lat' dir='ltr'><strong>nonni.</strong></span> <span class='ocrx_word' id='word_1_245' title='bbox 1031 3876 1058 3926; x_wconf 89' lang='lat' dir='ltr'><strong>p.</strong></span> <span class='ocrx_word' id='word_1_246' title='bbox 1076 3862 1160 3928; x_wconf 78' lang='lat' dir='ltr'><strong>¹¹¹·l</strong></span> 
     </span>
    </p>

    <p class='ocr_par' dir='ltr' id='par_1_10' title="bbox 276 3949 1394 4392">
     <span class='ocr_line' id='line_1_30' title="bbox 312 3949 1349 4024; baseline -0.008 -17"><span class='ocrx_word' id='word_1_247' title='bbox 312 3957 352 4024; x_wconf 77' lang='lat'><strong>(3)</strong></span> <span class='ocrx_word' id='word_1_248' title='bbox 369 3958 442 4006; x_wconf 78' lang='lat' dir='ltr'><strong>Recte</strong></span> <span class='ocrx_word' id='word_1_249' title='bbox 460 3973 484 4004; x_wconf 89' lang='lat' dir='ltr'><strong>se</strong></span> <span class='ocrx_word' id='word_1_250' title='bbox 501 3967 650 4006; x_wconf 76' lang='lat' dir='ltr'><strong>nummasius</strong></span> <span class='ocrx_word' id='word_1_251' title='bbox 668 3954 766 4019; x_wconf 86' lang='lat' dir='ltr'><strong>opponit</strong></span> <span class='ocrx_word' id='word_1_252' title='bbox 781 3964 923 4000; x_wconf 84' lang='lat' dir='ltr'><strong>ansmcnsu</strong></span> <span class='ocrx_word' id='word_1_253' title='bbox 933 3955 1074 4017; x_wconf 80' lang='lat' dir='ltr'><strong>sententiae,</strong></span> <span class='ocrx_word' id='word_1_254' title='bbox 1088 3949 1194 4001; x_wconf 84' lang='lat' dir='ltr'><strong>Verbum</strong></span> <span class='ocrx_word' id='word_1_255' title='bbox 1208 3949 1349 4018; x_wconf 65' lang='lat' dir='ltr'><strong>repedita·</strong></span> 
     </span>
     <span class='ocr_line' id='line_1_31' title="bbox 276 4035 1394 4115; baseline -0.015 -15"><span class='ocrx_word' id='word_1_256' title='bbox 276 4050 339 4100; x_wconf 85' lang='lat' dir='ltr'><strong>idem</strong></span> <span class='ocrx_word' id='word_1_257' title='bbox 356 4049 435 4098; x_wconf 82' lang='lat' dir='ltr'><strong>dicere</strong></span> <span class='ocrx_word' id='word_1_258' title='bbox 451 4057 521 4115; x_wconf 82' lang='lat' dir='ltr'><strong>atque</strong></span> <span class='ocrx_word' id='word_1_259' title='bbox 540 4035 627 4099; x_wconf 54' lang='lat' dir='ltr'><strong>firmi</strong></span> <span class='ocrx_word' id='word_1_260' title='bbox 645 4042 704 4095; x_wconf 78' lang='lat' dir='ltr'><strong>Cum</strong></span> <span class='ocrx_word' id='word_1_261' title='bbox 722 4055 868 4092; x_wconf 65' lang='lat' dir='ltr'><strong>annulorum</strong></span> <span class='ocrx_word' id='word_1_262' title='bbox 886 4053 1051 4094; x_wconf 84' lang='lat' dir='ltr'><strong>consenserunt</strong></span> <span class='ocrx_word' id='word_1_263' title='bbox 1062 4057 1248 4094; x_wconf 68' lang='lat' dir='ltr'><strong>naonaosrsr.</strong></span> <span class='ocrx_word' id='word_1_264' title='bbox 1260 4049 1349 4097; x_wconf 82' lang='lat' dir='ltr'><strong>rorant,</strong></span> <span class='ocrx_word' id='word_1_265' title='bbox 1393 4091 1394 4102; x_wconf 12' lang='grc' dir='ltr'>γ</span> 
     </span>
     <span class='ocr_line' id='line_1_32' title="bbox 278 4107 1394 4204; baseline -0.01 -11"><span class='ocrx_word' id='word_1_266' title='bbox 278 4157 399 4204; x_wconf 75' lang='lat' dir='ltr'><strong>unsaros,</strong></span> <span class='ocrx_word' id='word_1_267' title='bbox 417 4137 487 4191; x_wconf 83' lang='lat' dir='ltr'><strong>moiti</strong></span> <span class='ocrx_word' id='word_1_268' title='bbox 505 4141 555 4190; x_wconf 87' lang='lat' dir='ltr'><strong>alii.</strong></span> <span class='ocrx_word' id='word_1_269' title='bbox 591 4139 637 4189; x_wconf 83' lang='lat' dir='ltr'><strong>Sed</strong></span> <span class='ocrx_word' id='word_1_270' title='bbox 652 4137 693 4186; x_wconf 82' lang='lat' dir='ltr'><strong>eff.</strong></span> <span class='ocrx_word' id='word_1_271' title='bbox 710 4143 792 4186; x_wconf 83' lang='lat' dir='ltr'><strong>notata</strong></span> <span class='ocrx_word' id='word_1_272' title='bbox 809 4133 839 4183; x_wconf 86' lang='lat' dir='ltr'><strong>ad</strong></span> <span class='ocrx_word' id='word_1_273' title='bbox 855 4150 906 4200; x_wconf 85' lang='lat' dir='ltr'><strong>cap.</strong></span> <span class='ocrx_word' id='word_1_274' title='bbox 924 4136 961 4184; x_wconf 88' lang='lat'><strong>11:</strong></span> <span class='ocrx_word' id='word_1_275' title='bbox 981 4139 1006 4185; x_wconf 85' lang='lat'><strong>7.</strong></span> <span class='ocrx_word' id='word_1_276' title='bbox 1026 4150 1152 4186; x_wconf 73' lang='lat' dir='ltr'><strong>castrans</strong></span> <span class='ocrx_word' id='word_1_277' title='bbox 1166 4133 1350 4200; x_wconf 63' lang='lat' dir='ltr'><strong>interpretante?</strong></span> <span class='ocrx_word' id='word_1_278' title='bbox 1393 4107 1394 4182; x_wconf 85' lang='lat' dir='ltr'><strong>i</strong></span> 
     </span>
     <span class='ocr_line' id='line_1_33' title="bbox 276 4221 1351 4300; baseline -0.015 -16"><span class='ocrx_word' id='word_1_279' title='bbox 276 4237 403 4285; x_wconf 62' lang='lat' dir='ltr'><strong>ironiam</strong></span> <span class='ocrx_word' id='word_1_280' title='bbox 416 4237 446 4284; x_wconf 80' lang='lat' dir='ltr'><strong>iss</strong></span> <span class='ocrx_word' id='word_1_281' title='bbox 461 4236 534 4300; x_wconf 82' lang='lat' dir='ltr'><strong>ipso,</strong></span> <span class='ocrx_word' id='word_1_282' title='bbox 550 4243 581 4283; x_wconf 81' lang='lat' dir='ltr'><strong>nt</strong></span> <span class='ocrx_word' id='word_1_283' title='bbox 595 4232 717 4280; x_wconf 83' lang='lat' dir='ltr'><strong>Passivum</strong></span> <span class='ocrx_word' id='word_1_284' title='bbox 736 4227 896 4295; x_wconf 70' lang='grc' dir='ltr'><strong>εὑρίσκομαι</strong></span> <span class='ocrx_word' id='word_1_285' title='bbox 913 4227 1033 4279; x_wconf 85' lang='lat' dir='ltr'><strong>notioneiu</strong></span> <span class='ocrx_word' id='word_1_286' title='bbox 1050 4231 1159 4280; x_wconf 80' lang='lat' dir='ltr'><strong>Aetiram</strong></span> <span class='ocrx_word' id='word_1_287' title='bbox 1170 4228 1253 4278; x_wconf 81' lang='lat' dir='ltr'><strong>habers</strong></span> <span class='ocrx_word' id='word_1_288' title='bbox 1263 4221 1351 4290; x_wconf 82' lang='lat' dir='ltr'><strong>probet,</strong></span> 
     </span>
     <span class='ocr_line' id='line_1_34' title="bbox 277 4311 1351 4392; baseline -0.015 -16"><span class='ocrx_word' id='word_1_289' title='bbox 277 4326 306 4376; x_wconf 86' lang='lat' dir='ltr'><strong>ad</strong></span> <span class='ocrx_word' id='word_1_290' title='bbox 323 4329 489 4378; x_wconf 84' lang='lat' dir='ltr'><strong>auctoritatem</strong></span> <span class='ocrx_word' id='word_1_291' title='bbox 503 4333 614 4392; x_wconf 80' lang='lat' dir='ltr'><strong>provocat</strong></span> <span class='ocrx_word' id='word_1_292' title='bbox 630 4335 729 4373; x_wconf 79' lang='lat' dir='ltr'><strong>annam.</strong></span> <span class='ocrx_word' id='word_1_293' title='bbox 764 4321 809 4371; x_wconf 81' lang='lat' dir='ltr'><strong>Sed</strong></span> <span class='ocrx_word' id='word_1_294' title='bbox 827 4319 890 4386; x_wconf 82' lang='lat' dir='ltr'><strong>quod</strong></span> <span class='ocrx_word' id='word_1_295' title='bbox 907 4320 947 4370; x_wconf 86' lang='lat' dir='ltr'><strong>hic</strong></span> <span class='ocrx_word' id='word_1_296' title='bbox 963 4323 1006 4371; x_wconf 81' lang='lat' dir='ltr'><strong>Vir</strong></span> <span class='ocrx_word' id='word_1_297' title='bbox 1024 4322 1180 4371; x_wconf 80' lang='lat' dir='ltr'><strong>Doctissimus</strong></span> <span class='ocrx_word' id='word_1_298' title='bbox 1198 4339 1222 4386; x_wconf 90' lang='lat' dir='ltr'><strong>p.</strong></span> <span class='ocrx_word' id='word_1_299' title='bbox 1239 4319 1284 4368; x_wconf 76' lang='lat'><strong>8⁰1</strong></span> <span class='ocrx_word' id='word_1_300' title='bbox 1304 4311 1351 4360; x_wconf 79' lang='lat' dir='ltr'><strong>tis·</strong></span> 
     </span>
    </p>
   </div>
   <div class='ocr_carea' id='block_1_8' title="bbox 0 0 1408 5032">
    <p class='ocr_par' dir='ltr' id='par_1_11' title="bbox 0 0 1408 5032">
     <span class='ocr_line' id='line_1_35' title="bbox 0 0 1408 5032; baseline 0 5"><span class='ocrx_word' id='word_1_301' title='bbox 0 0 1408 5032; x_wconf 95' lang='lat' dir='ltr'><strong> </strong></span> 
     </span>
    </p>
   </div>
  </div>
 </body>
</html>
