2818 5032
217 431 224 446 ·
267 391 333 456 ²⁷8
623 407 692 451 cao.
712 385 768 453 tv.
791 407 878 451 veae.
900 389 940 462 t,
966 392 997 450 5.

267 592 538 640 rurornruscrus
577 569 695 658 aliique
724 571 942 658 quaesiverunt
970 569 1126 639 Ecclesiae
1156 571 1272 644 Patres,
1301 569 1330 632 ad

268 686 362 798 serpo
383 705 452 753 mu
474 681 600 750 Mases.
620 683 663 752 V:
689 683 883 772 ‘simprimis
904 682 1106 750 attendentes.

739 983 826 1026 vens.
854 968 884 1026 5.

312 1139 434 1206 Gaudio
458 1151 610 1228 perpetuo
632 1139 905 1230 Plrilr'ppcaoibua
936 1140 1152 1206 commendato
1174 1159 1285 1205 rannus
1303 1135 1335 1200 sic

267 1253 385 1348 pergit:
416 1249 465 1320 Tc*
494 1253 617 1332 ἐπιεικὲς
636 1253 726 1336 ὐμῶν
743 1247 917 1340 γνωσθήτω
936 1259 1030 1322 πᾶσιν
1049 1248 1244 1344 Medon,
1268 1249 1336 1337 quod

267 1365 426 1454 quomodo
448 1363 611 1432 cohaereat
628 1387 803 1432 cumversu
817 1365 1026 1452 praecedenti,
1041 1368 1180 1454 quaestio
1200 1378 1246 1432 est
1257 1365 1336 1452 paulo

267 1479 432 1546 difficilior.
449 1478 633 1565 Priusquam
644 1501 717 1544 rero
735 1501 805 1546 eam
815 1480 1045 1568 aggrediamur,
1051 1481 1094 1546 ad
1103 1479 1254 1566 loquendi
1263 1500 1337 1542 ιιιιιιιι

269 1594 395 1682 exigere
429 1591 579 1658 debemus
607 1614 748 1670 sensum,
786 1614 881 1680 quem
910 1593 988 1660 haec
1017 1595 1082 1680 ipsa
1111 1593 1226 1660 habent
1247 1591 1337 1658 oratio.

263 1693 349 1774 'Hinc
373 1716 478 1774 autem
501 1705 565 1772 inm
586 1705 690 1772 statim
710 1717 857 1792 apparet,
881 1707 1076 1794 sequendum
1098 1729 1163 1774 nou
1185 1728 1251 1772 esse
1273 1727 1338 1770 uro

269 1843 438 1900 ιιιιιιιιιιιι,
470 1819 527 1907 qui
562 1817 657 1888 rerba
684 1818 721 1890 ed
739 1819 863 1900 ἐπιεικὲς
880 1821 970 1904 ὁμοῖν
999 1820 1221 1906 interpretatur
1244 1829 1340 1886 cestro

268 1935 396 2026 ogcrtds'
421 1938 512 2000 ratio
544 1934 673 2000 domine
711 1933 905 2004 Christiano
934 1933 1052 2023 dogna.
1100 1935 1194 2002 Nullo
1219 1935 1341 2000 enimin

270 2051 341 2116 leco
359 2060 414 2116 aut
437 2049 515 2116 Nori
533 2048 720 2116 Testamenti
734 2059 791 2114 aut
809 2033 943 2114 alioruin
958 2048 1146 2134 scriptorum
1159 2048 1341 2114 Adiectirum

267 2157 397 2249 ἕπκαῆς
426 2181 501 2228 cum
532 2161 675 2226 affinibus
699 2161 742 2226 ita
758 2171 940 2248 resumatur,
964 2172 1000 2226 ut
1019 2161 1105 2228 notio
1126 2162 1181 2228 illa
1203 2161 1341 2251 generalis

265 2276 303 2342 iis
328 2274 494 2344 tribuenda
522 2275 571 2342 sit.
616 2276 717 2342 Immo
742 2275 857 2355 virtus,
881 2288 917 2342 ut
937 2277 1008 2344 satis
1032 2287 1166 2355 constat,
1190 2276 1341 2365 singularis

267 2391 305 2456 iis
325 2390 444 2478 ubique
464 2388 658 2477 proponitur.
704 2390 747 2456 At
767 2388 845 2456 haee
866 2401 972 2456 umen
991 2411 1147 2476 quaenam
1168 2389 1223 2468 sit,
1247 2389 1342 2474 dispu-

269 2505 327 2572 tari
349 2513 459 2592 potest.
506 2502 547 2568 V
543 2504 697 2592 algotus,
722 2502 777 2590 qui
798 2504 918 2570 Graece
939 2501 975 2570 ro*
993 2503 1118 2582 ἐπιεικές
1137 2502 1273 2569 reddidit
1294 2504 1343 2566 La-

268 2621 335 2684 tino
357 2617 536 2696 modestia,
560 2615 651 2683 haud
666 2616 780 2681 iniuste
802 2616 1040 2703 reprehenditur
1061 2640 1080 2683 a
1103 2639 1262 2700 cucurum
1278 2639 1343 2704 qno

271 2732 354 2798 uiam
377 2753 509 2810 raucus,
532 2743 568 2796 ut
588 2731 649 2807 ait,
672 2729 734 2796 hoc
755 2731 824 2797 loco
843 2754 907 2798 non
918 2743 1001 2798 vetat
1011 2733 1143 2818 superbe
1158 2732 1343 2798 insolescere.

268 2823 330 2910 'Sed
361 2843 437 2910 hinc
458 2867 523 2910 uon
546 2839 703 2930 sequitur,
728 2867 802 2910 oum
826 2867 862 2910 eo
884 2833 1091 2910 scribendum¹
1109 2868 1174 2912 esse
1201 2846 1344 2941 modoro-

269 2968 333 3038 tio‚
368 2949 423 3025 aiut
452 2981 528 3024 cum
550 2958 617 3023 aliis
638 2959 782 3036 candor,
814 2959 863 3022 vel
885 2962 1054 3051 aequitas?
1074 2959 1124 3024 rel
1144 2961 1345 3032 humanitas,

269 3073 319 3138 rol
341 3072 480 3140 benitas.
526 3072 642 3158 Utique
665 3073 690 3136 si
713 3093 928 3158 comparamus
949 3071 1026 3140 Act.
1045 3073 1164 3142 XXIV:
1187 3076 1220 3141 4.
1245 3073 1344 3142 acor.

267 3187 310 3257 X:
337 3189 366 3252 1.
405 3183 534 3252 lI'a'm.
565 3185 626 3250 111:
655 3190 686 3250 3.
723 3183 789 3250 Tit.
813 3185 874 3249 III:
900 3189 931 3251 2.
967 3184 1210 3256 Iae.111:17.
1241 3191 1256 3252 1
1283 3187 1344 3253 Pet.

267 3299 318 3366 11:
356 3302 415 3378 18,
454 3299 510 3364 uhi
541 3299 590 3364 vel
623 3299 858 3365 Substantivum
893 3300 1047 3379 ἐπιείκεια,
1079 3299 1128 3364 rel
1158 3299 1345 3367 Adiectirurn

228 3471 230 3477 .
267 3408 397 3498 ἐπιεικής
416 3413 566 3501 legimus,
590 3412 711 3478 nullam
733 3433 799 3478 esse
818 3404 958 3476 sidereus
976 3411 1153 3492 actionem,
1175 3435 1261 3500 quae
1285 3435 1346 3478 ora-

270 3522 348 3586 coni
377 3523 497 3612 uhique
530 3527 642 3616 magis.
659 3525 842 3604 conveniet,
875 3547 972 3612 quam
1000 3527 1183 3592 lenitatis..
1211 3529 1253 3593 Et
1282 3528 1346 3592 haec

271 3634 416 3723 quidem,
439 3645 476 3702 ut
496 3639 602 3704 multis
623 3629 727 3726 placet
747 3637 988 3724 Interpretibue,
1011 3639 1055 3706 sic
1076 3639 1151 3706 locis
1168 3639 1265 3706 etiam
1281 3638 1348 3705 scri-

269 3760 397 3837 ptorum
425 3761 601 3820 exterorum
627 3745 825 3819 anons‘nnao
845 3752 945 3818 allatis
968 3751 1214 3820 commendatur.
1262 3755 1348 3818 Recte

268 3862 367 3950 igitur
400 3885 561 3930 moruus
599 3889 726 3934 crunon
754 3873 910 3933 cirtutcm
939 3867 1148 3953 praescribere
1180 3879 1289 3934 monet
1315 3865 1347 3930 ds

270 3981 345 4042 iure
377 3999 436 4044 suo
468 3979 606 4068 cedendi
636 3982 686 4047 ad
713 3981 911 4048 seruandam
938 4003 1063 4072 pacem.
1119 3982 1224 4050 Verbo
1255 3991 1348 4048 eutem

270 4089 459 4180 γνωσθήτω,
488 4103 525 4158 ut
555 4092 618 4160 iam
644 4102 738 4183 supra
765 4095 885 4163 Passiva
912 4097 1054 4183 usurpari
1076 4095 1348 4184 deprehendimus.

273 4203 508 4297 Philippenses
528 4208 568 4274 id
583 4230 686 4299 cgere
707 4210 812 4289 iubet,
830 4219 867 4274 ut
887 4211 968 4277 leaeo
985 4214 1094 4275 virtus
1113 4232 1230 4274 eorum
1254 4213 1347 4273 inno-

273 4325 387 4388 tescat.
433 4322 528 4406 Quod
559 4335 662 4391 tamen
696 4347 735 4389 an
769 4343 1349 4426 numurus,quempnrnrn1us,nr-
