2856 5028
433 405 500 447 aar.
525 383 547 446 l.
575 405 658 447 snas.
688 388 735 448 15.

504 640 589 684 vans.
617 624 666 684 15.

101 801 251 882 Apostolus
267 819 361 885 ⁸quae
387 797 426 862 de
447 797 536 863 bonis
559 795 650 875 dixit,
671 819 707 862 err
731 797 905 882 captivitate
925 819 980 863 sua
999 800 1033 868 in
1056 821 1123 864 rem

70 909 247 978 Christianam
267 909 525 983 redundantibus,
545 910 589 974 sic
607 911 815 996 persequitur:
841 911 928 990 Τινὲς
938 912 996 995 μὲν
1007 915 1058 979 καὶ
1071 912 1125 979 dsol

69 1019 165 1106 elisos
179 1025 230 1089 καὶ
252 1021 329 1110 ἔριν,
351 1022 430 1100 τινὲς
451 1021 486 1088 δὲ
507 1023 559 1090 καὶ
578 1022 617 1089 δι’
639 1021 777 1088 εὐδοκίαν
794 1021 847 1090 τᾶν
860 1024 994 1112 Χριστδν
1015 1022 1128 1112 κηρύσ-

70 1147 172 1203 ooooo.¹
197 1135 258 1200 Sed
280 1157 394 1223 magna
416 1135 633 1221 quaestinest,
657 1146 763 1200 utrum
782 1137 914 1202 alterum
935 1138 1126 1202 emolumen-

70 1257 135 1326 tum,
164 1249 247 1335 quod
269 1271 311 1314 vs.
337 1253 378 1314 14
402 1249 518 1336 attigit,
547 1247 601 1314 hle
622 1249 747 1314 uberius
769 1261 916 1336 exponat,
940 1273 981 1316 an
1000 1250 1127 1314 tertium

70 1374 196 1447 proponat
214 1363 255 1427 ab
274 1385 311 1428 eo
332 1362 497 1429 diversum.
543 1363 610 1428 Hoc
633 1362 761 1449 quidem
781 1365 938 1450 plerisque
961 1364 1059 1429 risum
1083 1375 1128 1428 est

70 1475 284 1560 interpretibus,
318 1476 361 1542 ita
392 1487 512 1554 tamen,
537 1487 572 1540 nt
592 1477 663 1552 alii,
687 1488 855 1562 praeeunte
878 1499 1125 1555 contensioso,

72 1610 139 1654 voees
163 1589 238 1668 τινὲς
269 1589 328 1673 μέν
359 1589 547 1675 explicarent
579 1588 711 1668 πολλοῦς
729 1596 791 1658 τῶν
809 1591 967 1671 ἀπίστων,
985 1591 1052 1668 alii,
1081 1593 1127 1654 uti
1166 1632 1168 1636 .

72 1724 198 1782 oscarus,
222 1701 389 1782 Iudaeos,
416 1703 545 1790 plurimi
566 1703 710 1768 domines
735 1703 919 1768 doetm'rram
950 1703 1125 1772 Christia-

70 1839 128 1880 nam
152 1840 219 1882 eum
254 1816 386 1882 Iudaea
409 1817 663 1910 ,constudentem
685 1817 769 1903 quod
793 1817 957 1882 recentiori
976 1811 1127 1884 memoria

71 1951 142 1994 nemo
160 1930 348 2016 probabilius
370 1931 459 2008 iecit,
480 1941 589 2018 quana
596 1953 761 2016 sannarum
787 1931 864 1996 illud
882 1954 954 1996 vcro
974 1933 1126 2018 pauciori-
1186 1955 1188 1964 ’

70 2041 114 2106 bus
136 2044 264 2129 placuit,
300 2044 453 2130 imprimis
486 2067 674 2112 rauracovrc
700 2043 765 2135 (1),
800 2045 904 2125 duce,
937 2045 997 2110 nisi
1020 2045 1126 2124 lallor,
1156 2125 1159 2130 1

72 2176 270 2236 rrrcoonnao,
293 2158 350 2245 qui
372 2155 458 2224 hunc
478 2181 601 2224 versum
625 2158 669 2226 sic
693 2158 856 2244 explanare
878 2158 1003 2244 incipit:
1048 2153 1129 2242 Ἀλλ’

70 2266 225 2339 murinco
243 2265 433 2359 siedrr'or'pxu
452 2269 584 2360 exauda„
609 2274 648 2338 Et
668 2295 740 2338 sane
758 2295 872 2337 rannus
891 2271 933 2337 ita
953 2293 1072 2337 eversu
1086 2274 1128 2334 14

70 2381 99 2445 ad
123 2389 157 2450 15
184 2384 353 2472 procedere
372 2383 525 2465 uidetur,
541 2398 593 2463 ut,
618 2387 796 2452 continuata
818 2386 961 2450 orationis
987 2385 1080 2462 serie,
1106 2407 1125 2450 a

69 2495 218 2564 laudatione
245 2489 393 2576 fratrum,
418 2491 474 2584 qui
500 2498 671 2564 doctrinam
693 2497 895 2564 Christianam
911 2489 1037 2562 'tradere
1059 2499 1125 2562 ausi
1199 2551 1202 2563 .

70 2622 137 2688 sant,
161 2611 199 2678 ad
221 2635 272 2678 eos
293 2611 525 2700 distinguendos
545 2611 687 2692 trairseat.
733 2613 766 2694 Si
795 2625 900 2678 autem
920 2612 1047 2678 tertium
1063 2611 1124 2676 ho-

69 2722 167 2790 minum
195 2749 297 2814 genus,
317 2749 490 2792 memorare
518 2726 627 2805 vellet,
658 2726 761 2791 minus
788 2727 945 2814 intelligo,
975 2749 1031 2791 eur
1061 2747 1124 2791 non

70 2837 199 2923 scripserit
224 2835 268 2906 ab
288 2840 377 2906 initio
407 2841 458 2906 καὶ
479 2839 555 2918 τινὲς
571 2838 644 2924 μέν,
665 2840 714 2904 vel
736 2859 793 2906 our
815 2841 922 2905 saltem
943 2841 1030 2905 alteri
1050 2839 1126 2918 τινὲς

69 2948 112 3027 μὲν
129 2953 176 3018 sol
192 2953 344 3020 addiderit
365 2954 497 3018 alterum
508 2953 583 3030 τινὲς
603 2954 638 3020 δὲ
650 2954 709 3031 sord:
721 2975 784 3040 quo
803 2955 932 3020 lectores
944 2953 980 3041 ¹irr
992 2954 1124 3019 alienam

69 3067 224 3150 opinionem
243 3068 393 3134 inducere
409 3063 544 3153 poterat,
558 3078 704 3154 quartum
715 3068 841 3154 insuper
853 3068 1005 3132 recenseri
1017 3089 1123 3155 genua

67 3162 95 3240 ut
109 3180 137 3244 in
158 3194 296 3250 mentem
317 3181 402 3246 venit
422 3203 597 3246 vrcrorrrrto
620 3178 678 3270 (2).
723 3181 786 3247 dut
809 3180 834 3246 si
856 3180 933 3258 illis,
958 3201 1035 3265 quos
1053 3201 1125 3243 ver·
1193 3165 1220 3178 Η

67 3290 103 3356 bis
122 3297 194 3376 τινὲς
211 3297 269 3382 μὲν
287 3297 341 3364 sol
357 3269 561 3374 indicaverat,
586 3316 742 3382 opponere
763 3293 885 3358 volebat
909 3293 1016 3357 fratres
1036 3281 1128 3378 supra

67 3403 200 3492 laudatos3
225 3410 336 3498 quidni
353 3433 410 3496 pro
429 3411 505 3488 τινὲς
525 3411 561 3476 δὲ
582 3411 635 3476 καί
650 3431 722 3474 usus
745 3418 789 3472 est
810 3404 1004 3493 frequentato
1024 3410 1129 3474 ἐκεῖνοι

68 3518 95 3584 dl
117 3524 162 3588 rel
185 3525 319 3592 similit.
343 3525 427 3590 Haec
455 3545 528 3588 cum
547 3523 650 3587 animo
673 3531 865 3606 reputarem,
888 3541 985 3604 prope
1006 3519 1129 3586 abiuia

68 3632 176 3714 Graecis
193 3637 379 3725 explicandis
396 3639 464 3702 atis·
475 3636 606 3725 quidem
621 3657 746 3712 eorum,
766 3635 834 3699 atis·
849 3619 936 3699 vero.
982 3633 1042 3698 Sed
1054 3655 1128 3698 con-

70 3745 182 3816 siderato
204 3775 309 3816 rursus
331 3749 474 3816 orationis
493 3750 585 3815 totius
605 3759 805 3838 argumento,
828 3747 963 3812 multum
986 3747 1014 3810 e'i
1031 3746 1129 3812 inesse
1202 3752 1206 3766 ’
1229 3813 1231 3818 ,

71 3857 136 3938 ridi,
155 3845 237 3950 qnod
255 3863 500 3950 interpretationi
522 3863 569 3927 illi
587 3863 702 3940 obstet,
723 3862 851 3928 alteram
871 3883 961 3937 vero,
983 3859 1130 3945 quaeVi-

112 4015 359 4056 ,.....·,.-...,.....

98 4136 129 4202 ll)
147 4143 224 4207 Coqit.
241 4145 315 4193 Soet.
333 4139 363 4189 ad
381 4138 406 4188 h.
424 4139 442 4188 l.
490 4217 493 4221 .

97 4229 132 4298 (²)
148 4233 235 4288 Casum,
248 4236 277 4298 ¹irr
295 4234 320 4284 b.
338 4235 357 4282 l.
376 4221 413 4283 cd.
432 4249 446 4280 o
464 4243 530 4296 liro,
550 4233 669 4296 Scrtpror.
685 4233 734 4280 l'et.
747 4219 801 4280 arou.
815 4227 984 4277 cottanorum.
997 4225 1041 4273 111.
1053 4226 1134 4290 por,

74 4318 106 4366 obi
119 4340 161 4374 rss.
178 4329 209 4375 re
226 4337 250 4376 ct
269 4328 299 4376 rt
319 4327 388 4377 etiam
405 4327 542 4392 transpositi
560 4335 624 4376 sunt·
642 4355 644 4362 v

1269 731 1275 760 l
