2808 5032
188 411 195 424 '
272 404 333 470 188
579 404 584 415 “
648 418 717 469 oto.
742 403 781 469 11.
805 423 891 469 vrrs.
918 405 1008 506 ¹97'

270 609 320 652 rus
347 587 469 664 fuisset,
500 587 525 650 si
552 589 727 676 legeretur:
749 589 874 678 muido
900 587 936 653 δὲ
955 586 1019 672 ἔχω
1043 591 1078 654 ἐν
1108 585 1215 678 Κυρίῳ
1244 586 1332 674 Ἰησοῦ.
1388 578 1389 590 ’

268 699 310 764 of.
333 697 408 764 Ace.
428 699 545 768 XXIV:
570 705 621 768 15.
652 703 828 787 Receptum
845 712 950 766 autem
967 699 1092 792 Κυρίῳ,
1113 721 1171 786 pro
1188 719 1250 786 quo
1264 723 1333 764 non-

270 811 349 876 nulli
364 811 588 878 substituerunt
604 819 745 906 Χριστῷ,
765 816 914 902 quoniam
933 813 994 879 hoo
1005 833 1079 892 oum
1093 813 1236 899 sequenti
1251 811 1335 898 Ἰησοῦ

181 977 187 992 .
269 925 367 1012 magis
394 947 568 1015 congruere
593 927 787 1007 iudicabant,
813 927 988 993 testimonio
1008 927 1160 995 Veterum
1180 925 1250 990 satis
1269 945 1333 988 oon·
1389 964 1390 1016 q

267 1037 426 1104 firmatum
446 1051 501 1106 est.
545 1043 612 1106 Iam
633 1063 707 1106 vero
734 1051 860 1118 auctor,
881 1037 958 1127 quid
979 1050 1098 1126 speret,
1120 1037 1164 1103 sio
1186 1037 1333 1103 enunciat:

270 1149 428 1236 Τιμόθεον
447 1153 567 1238 ταχέως
585 1153 707 1238 πέμψαι
718 1153 810 1236 ὑμῖν,
829 1161 867 1218 ut
881 1175 1072 1218 rmonunusr
1090 1153 1155 1217 cito
1168 1150 1258 1216 vodis
1275 1151 1335 1212 mit·

268 1273 347 1331 tam.
391 1265 536 1332 Dativum
558 1267 634 1350 ὑμῖν
653 1287 873 1345 raznnorrus,
893 1287 989 1353 quem
1010 1275 1133 1330 secutus
1161 1273 1206 1327 est
1231 1283 1335 1327 nmor-

143 1403 146 1410 “
268 1399 352 1456 uns,
376 1379 598 1465 interpretatur
613 1379 663 1444 od
681 1385 933 1444 vestmm'usum
949 1386 981 1442 et
994 1377 1234 1458 ministerium,
1249 1395 1335 1438 suam-
1390 1367 1391 1394 ¹

268 1513 331 1578 que
350 1491 534 1580 sententiam
553 1491 713 1580 ingeniose
731 1491 870 1556 defendit
888 1490 928 1556 ad
945 1489 1117 1556 orationem
1128 1488 1261 1554 manime
1273 1509 1335 1552 oon-

268 1615 386 1670 textam
407 1604 614 1690 provocando.
660 1603 731 1669 Sed·
747 1604 881 1670 lustratis
902 1603 1045 1670 omnibus
1065 1602 1143 1685 Nori
1165 1601 1336 1667 Testamenti

269 1718 362 1796 locis,
392 1718 425 1784 in
450 1696 564 1804 quibus
583 1717 724 1785 Verbum
751 1715 863 1801 πέμπω
891 1717 1022 1804 legitur,
1048 1726 1244 1801 compertum
1271 1711 1335 1778 mibi
1391 1736 1392 1800 ν

269 1844 333 1910 est,
357 1831 508 1919 loquendi
529 1853 622 1917 usum
644 1829 719 1896 huic
741 1831 911 1896 sententiae
932 1831 1126 1896 nonfacere.
1171 1827 1263 1912 Quod
1277 1825 1337 1891 sads
1391 1821 1392 1854 ³

268 1943 375 2032 magni
403 1943 550 2029 ponderis
569 1965 634 2008 esse
652 1941 790 2022 ridetur,
813 1955 849 2008 ut
867 1944 974 2030 paucis
995 1942 1164 2009 ostendam.
1210 1942 1335 2011 Verbum

267 2056 365 2146 igitur
385 2055 466 2122 illud
486 2056 631 2122 Dativum
651 2067 719 2142 post
736 2079 769 2122 se
789 2056 883 2123 babet
900 2056 1019 2123 Ισαιιοο.
1039 2057 1113 2124 XV:
1126 2059 1170 2124 26
1188 2067 1219 2121 et
1239 2061 1254 2119 1
1271 2054 1335 2122 Cor.

266 2170 327 2238 IV:
354 2171 410 2234 17:
434 2168 479 2234 ibi
497 2191 570 2234 vern
586 2170 797 2236 Pronomen'
775 2177 851 2254 υμῖν
870 2169 948 2234 nibil
967 2169 1051 2234 aliud
1064 2168 1264 2280 significare
1255 2181 1336 2254 quam

266 2279 341 2372 αρδς
368 2283 468 2366 ὑμᾶς,
501 2283 549 2346 uu‘
577 2281 672 2351 Phil.
701 2284 749 2350 11·
780 2286 823 2350 25
857 2295 887 2349 et
909 2285 1096 2372 plerumque
1115 2283 1272 2370 scriptum
1283 2291 1335 2354 est,

266 2405 394 2482 apparet
422 2417 459 2460 ex
488 2397 718 2482 comparatione
744 2395 864 2464 Ιοαιοα.
896 2398 986 2469 XVI:
1017 2399 1048 2462 7.
1082 2397 1175 2486 Epi.
1203 2397 1264 2465 VI·
1291 2397 1337 2460 22

60 2479 62 2484 V
163 2515 165 2520 ’
267 2508 339 2613 ¹0⁰1·
372 2509 432 2578 IV:
463 2513 496 2576 8.
541 2509 691 2574 Similiter
716 2509 792 2578 Act.
815 2511 875 2576 XI:
899 2514 943 2577 29
967 2521 998 2576 et
1019 2509 1113 2577 Phil.
1135 2511 1181 2580 IV
1189 2534 1197 2574 :
1224 2513 1262 2577 15
1288 2505 1336 2573 ad.

219 2637 222 2646 '
265 2623 371 2686 iuncta
391 2625 433 2700 εἰς
450 2623 603 2688 διακονίαν
623 2633 655 2688 et
674 2621 791 2710 riardo
812 2623 916 2712 χρείαν
935 2621 1059 2702 docent,
1071 2622 1185 2688 Datiris
1206 2629 1337 2699 ιοῖςιιατ·

265 2739 397 2802 οαιουσιν
419 2735 566 2822 ἀδελφοῖς
586 2747 617 2799 et
636 2725 693 2819 ριοί
708 2737 905 2802 commodum
933 2759 997 2802 uon
1026 2735 1176 2802 denomri
1212 2733 1337 2800 Addatur

191 2845 220 2944 1'
265 2847 425 2914 tutos.
451 2848 499 2912 H:
524 2850 582 2927 11,
615 2848 669 2912 ubi
692 2860 722 2913 et
742 2849 887 2918 orationis
907 2861 1128 2938 argumentum
1150 2849 1213 2914 tale
1235 2857 1290 2944 est,
1309 2853 1336 2908 ut

161 2977 165 2986 ·
264 2959 344 3026 illud
374 2957 519 3024 Dativum
543 2961 703 3032 commodi
735 2959 818 3026 haud
843 2983 931 3026 secus
967 2974 1090 3049 respuat
1121 2984 1218 3049 quam
1235 2963 1335 3051 'pr

264 3075 330 3138 XI:
365 3076 424 3151 10,
456 3072 482 3136 si
507 3072 705 3141 retinendum
733 3073 778 3140 ibi
803 3086 848 3140 est
872 3074 1057 3160 πέμψουσιν.
1096 3077 1226 3142 Restant
1249 3075 1337 3141 adbuc

265 3187 358 3253 verba
378 3215 402 3264 ιι
401 3185 502 3271 dumos
523 3194 592 3266 ταῖς
611 3186 714 3276 (ἑπτα)
733 3189 902 3278 ἐκκλησίαις
926 3190 1073 3280 Apoc.1:
1089 3192 1147 3254 11:
1164 3190 1219 3256 sed
1236 3183 1337 3256 etiamsi

210 3298 212 3313 '
264 3301 335 3396 quis
364 3300 525 3388 sequentia
550 3304 591 3381 εἰς
600 3295 730 3388 Ἔρεσον
758 3312 820 3368 cet.
841 3314 945 3368 vetare
973 3314 1077 3390 putet,
1109 3303 1275 3392 quominus
1294 3299 1337 3363 ille

266 3414 451 3480 reddantur:
481 3418 579 3480 mitte
606 3415 656 3480 ad
687 3414 832 3505 (septem)
858 3416 1035 3483 Ecclesiae
1043 3437 1056 3494 ,·
1077 3439 1172 3482 nemo
1193 3429 1293 3484 tamen
1307 3433 1336 3475 ea

265 3525 412 3592 reddens:
449 3531 543 3592 mitte
577 3525 724 3618 (septem)
757 3515 947 3609 Ecclesiis,
978 3528 1039 3595 hoc
1078 3529 1335 3617 interpretabitur:

199 3624 210 3643 ⁴
264 3643 358 3706 mitte
386 3643 422 3705 in
450 3643 634 3707 utilitatem
655 3641 900 3709 Eoolesz'orum.
948 3642 1047 3709 Sicuti
1073 3655 1179 3710 autem
1205 3635 1337 3730 loquendi

264 3774 338 3820 usus
357 3775 537 3820 rnzrooovn
555 3754 804 3842 interpretationi
823 3757 936 3837 obstat;
955 3755 1000 3822 sio
1016 3757 1108 3822 etiam
1131 3757 1287 3843 promissio
1300 3751 1337 3816 ta-

262 3878 313 3933 cta
339 3889 382 3934 vs.
409 3869 470 3932 24:
493 3866 748 3954 quandoquidem
768 3865 917 3932 oredrbile
933 3891 997 3934 non
1018 3880 1081 3948 est,
1105 3870 1297 3956 Apostolum,
1315 3861 1337 3926 si

261 4001 442 4065 persuasum
477 3979 536 4045 sibi
567 3979 709 4058 haberet,
747 4001 780 4046 se
809 3980 911 4066 ipsum
943 3982 1028 4048 brevi
1058 3994 1225 4074 venturum
1255 3980 1336 4047 Plri-

262 4072 392 4181 ltppos,
421 4113 611 4158 rruonnnuu
636 4091 769 4170 misisse,
787 4101 824 4158 ut
849 4085 1121 4185 Phitzppensium
1147 4100 1255 4164 solati
1271 4111 1336 4161 oon·

262 4207 396 4272 solent.
441 4207 508 4272 Nec
527 4205 633 4282 video,
657 4204 831 4291 quomodo,
853 4206 909 4273 illa
927 4209 1184 4296 interpretatione
1207 4208 1335 4298 proheta,

259 4318 411 4403 posterius
441 4316 534 4387 huius
564 4339 668 4385 versus
687 4317 865 4394 membrum
886 4342 959 4388 cum
980 4321 1076 4410 priori
1096 4323 1261 4392 cohaereat.
1300 4317 1336 4382 In
