2818 5032
400 330 648 428 costumis.
677 364 725 424 ιτ.
835 348 837 358 ’
1032 367 1158 428 317v

43 549 62 610 si
79 545 211 631 ¹Simplex
237 547 323 632 ζητεῖ
345 543 389 608 ibi
416 520 474 630 pro
495 545 668 630 Composito
688 547 824 632 ἐπιζητεῖ
849 545 1096 620 substituendum

42 672 91 736 est,
107 657 181 724 illud
205 657 276 724 setis
302 658 477 726 luculenter
494 657 600 737 docet,
624 658 883 743 Praepositionenr
894 703 897 710 -
909 661 963 728 inl
977 661 1020 725 ite
1039 678 1097 724 ur-

28 791 30 798 *
42 772 97 859 geri
119 793 180 836 non
199 792 300 856 posse,
324 782 359 836 ut
382 771 465 857 opud
483 793 689 836 ‚urrunnun
711 782 742 836 et
763 793 869 854 noenu
891 775 1029 860 ἐπιζητεῖ
1046 795 1098 836 er-

41 885 157 970 plicetur
186 884 303 973 cupo'de
326 886 375 950 rel
407 907 528 950 summo
551 885 662 950 studio
690 889 823 973 expetet.
869 883 931 949 sed
959 887 1098 972 exemplo

40 997 118 1065 allato
145 996 277 1064 adiicere
310 997 397 1062 lubet
416 997 509 1064 uliud.
554 1000 636 1086 Ergo
656 999 863 1084 Interpretes,
885 999 940 1084 qui
961 999 1098 1084 Simmex

39 1111 123 1195 ζητεῖν
162 1119 328 1194 exponunt
348 1131 530 1198 quaerere,
551 1119 668 1201 petere
699 1121 759 1176 cet.
788 1110 996 1196 Compositum
1026 1119 1099 1175 etu-

15 1222 116 1288 *dioee
134 1235 312 1311 quaerere,
334 1229 453 1310 petere
479 1233 539 1290 oet.
567 1234 688 1310 rogatos
708 1222 792 1299 uolo,
817 1244 875 1288 cur
907 1245 990 1288 rusus
1019 1223 1098 1290 Luc.

39 1336 101 1398 llll:
131 1339 235 1402 29-31
275 1334 335 1400 boo
365 1334 468 1402 media
497 1336 531 1400 iu
554 1335 690 1400 oratione
710 1334 754 1400 de
775 1334 918 1422 gentibus
945 1337 1101 1421 superni-
1182 1398 1185 1414 ,

38 1447 107 1512 tiosis
143 1447 302 1534 posuerit,
341 1459 373 1513 et
417 1447 472 1513 illo
516 1447 557 1512 de
593 1448 653 1512 suis
692 1467 766 1511 usus
803 1447 840 1512 sit
880 1449 1099 1525 sectatoribus,

39 1581 220 1648 pueroquum¹
241 1561 369 1626 societas
395 1570 480 1625 certe
504 1559 594 1648 regni
620 1559 722 1624 Dirini
741 1579 863 1624 summo
880 1559 982 1625 studio
1001 1582 1101 1648 quoe·

39 1673 119 1740 rende
138 1686 227 1740 esset.
272 1673 307 1738 si
332 1684 437 1738 eutem
466 1671 527 1738 boe
545 1672 578 1738 in
598 1673 683 1750 loco,
701 1673 757 1737 ubi
778 1673 872 1737 verbe
889 1672 943 1740 ille
964 1695 1099 1740 concur-

38 1795 117 1864 runt,
144 1788 188 1852 vis
224 1785 422 1864 intendendi,
454 1793 548 1873 qu'am
572 1783 696 1863 dicunt,
721 1785 893 1871 Composito
916 1785 1015 1851 inesse
1035 1810 1099 1853 non

37 1907 136 1981 potest,
157 1898 344 1965 crediderim
362 1895 523 1985 equidem,
542 1921 611 1964 eam
626 1897 699 1964 alibi
715 1919 840 1986 quoque
856 1900 968 1965 frustra
982 1893 1100 1988 (pomeri.

36 2011 93 2078 Non
124 2013 212 2080 video
245 2023 347 2092 certe,
385 2010 540 2100 quomodo
570 2011 624 2080 illo
652 1991 781 2078 orationi
811 2035 919 2078 riou:
951 2012 1022 2097 Οὐχ
1051 2007 1107 2082 ὅτι.

37 2125 156 2212 ἐπιζητῶ
173 2125 210 2194 vd
231 2122 316 2210 δόμα
344 2125 521 2203 conveniet,
549 2124 609 2189 nisi
630 2105 699 2212 quis
724 2147 797 2190 eum
819 2125 1006 2213 significasse
1027 2127 1107 2195 velit¹

37 2236 107 2320 qood
136 2246 166 2302 et
197 2240 239 2304 ub
268 2239 333 2304 eius
361 2249 465 2303 mente
486 2249 517 2303 et
534 2235 609 2302 bino
631 2237 849 2303 alienissimum
869 2249 931 2316 est,
960 2239 1100 2305 sedena

36 2350 150 2434 quidem
175 2361 314 2443 potere,
334 2375 394 2418 nec
416 2359 522 2433 tamen
544 2349 699 2417 studiose.
744 2351 868 2432 Verum
881 2373 922 2415 ‚ex
941 2349 1099 2438 disputetis

7 2489 8 2492 ¹
37 2462 112 2528 nullo
134 2467 230 2532 modo
261 2466 417 2554 sequitur,
442 2465 615 2552 Composito
634 2463 782 2552 ἒπιζῃτέω
802 2462 881 2528 nihil
901 2464 1032 2550 emplius
1051 2465 1105 2531 de-

39 2577 127 2642 notari
150 2601 249 2666 quam
268 2579 409 2666 Simplici
428 2580 535 2670 ζητέω.
556 2580 656 2644 Imnro
674 2578 773 2644 nodus
794 2577 962 2666 expeditur,
979 2576 1106 2646 siPrae·
1225 2641 1231 2652 ,
1327 2617 1332 2631 =

39 2691 169 2770 position-i
190 2695 249 2762 ἒπί
273 2694 404 2760 eandem
421 2693 485 2757 rim
508 2692 688 2768 tribuimus,
708 2691 841 2779 quaein
861 2689 971 2759 Verbis
991 2693 1107 2779 ἐπερω-

37 2799 92 2872 toio
113 2805 179 2896 (1),-
204 2804 378 2893 ἐπιβάλλω,
397 2804 559 2894 ἐπιορκὲω,
581 2804 750 2884 lumime),
775 2804 909 2892 ἐπιφέρω
938 2803 1106 2896 multisque

39 2915 95 2980 eliis
124 2921 282 3011 cernitur,
312 2931 347 2984 ut
372 2913 520 3006 ἒπιζητέώ
553 2917 591 2996 sit
621 2919 759 3008 insuper
786 2938 930 3006 quaero,
951 2925 1031 3008 peto
1057 2917 1107 3004 rel

6 3081 7 3086 η
34 3051 142 3115 posco,
162 3045 261 3122 atque
278 3033 341 3106 hoo
360 3035 517 3122 insuper,
543 3052 600 3118 pro
624 3029 767 3098 orationis
790 3030 923 3110 ratione,
951 3049 1038 3096 nunc
1056 3049 1108 3094 ex-

39 3143 162 3227 plicetur
177 3169 282 3237 super
301 3146 341 3212 id
358 3145 447 3234 quod
464 3152 607 3235 oportet,
632 3165 838 3233 nunonsuper
857 3151 1004 3232 accepto,
1023 3163 1108 3207 nunc
1200 3177 1207 3200 .·
1246 3241 1249 3249 Ι

38 3259 268 3352 supersecta,
298 3279 384 3325 nunc
415 3258 507 3326 etium
528 3278 627 3347 seper
651 3259 824 3344 quaesite,
846 3259 976 3344 petito,
993 3261 1110 3345 postu·

39 3367 112 3436 loto.
158 3367 250 3440 Hanc
268 3369 551 3460 interpretationem
571 3391 692 3447 omnes,
710 3369 769 3434 nisi
784 3367 889 3446 lellor,
905 3367 982 3433 Novi
1001 3370 1108 3436 Teste-

38 3487 127 3550 menti
145 3487 226 3566 loci,
243 3486 277 3552 in
301 3485 414 3572 quibus
435 3483 574 3580 Verbum
599 3481 677 3546 illud
696 3479 827 3568 legitur,
854 3491 908 3546 aut
925 3479 1107 3562 admittunt,

37 3609 84 3661 out
105 3601 164 3666 sibi
184 3601 314 3666 omnino
328 3599 500 3686 requirunt.
530 3595 673 3684 Requirit
682 3617 749 3662 eam
759 3617 786 3661 e.
797 3617 825 3662 o.
836 3593 1039 3662 neonxtn:
1053 3599 1106 3672 14,

35 3712 117 3777 ornus
132 3736 241 3780 versus
267 3713 400 3779 alterum
419 3713 609 3777 membrum:
634 3709 716 3776 etue
736 3707 793 3796 τήν
810 3707 982 3792 μέλλουσαν
1001 3711 1108 3794 ἐπιζη-

35 3831 157 3908 τοῦμεν,
178 3839 303 3894 tuntum
324 3826 487 3914 respondet
508 3825 615 3914 elteri,
644 3822 670 3887 si
695 3820 872 3907 exponitur:
893 3821 954 3886 sed
966 3827 1107 3910 praeter

35 3933 131 4020 dono,
150 3963 253 4030 quam
273 3943 446 4008 incolimus
468 3939 592 4022 urtam,
604 3937 763 4026 fiderem
786 3939 979 4036 expetamus.
1013 3931 1106 3998 Gom·
1171 4014 1172 4018 Ἰ

35 4099 273 4120 Ἣ

64 4197 101 4264 (l)
119 4201 227 4266 tegatur
243 4213 337 4252 werre.
355 4199 418 4251 Part.
438 4199 471 4250 11.
490 4213 514 4266 p.
532 4199 580 4260 tt,
598 4167 1116 4255 es.en,voorsrrransnate.rur.1.·
1243 4209 1259 4233 ··

33 4302 55 4352 r·
72 4291 115 4342 ὅθ’·
629 4314 631 4318 ·
