2812 5032
411 423 482 492 eso.
506 403 545 470 ll.
570 425 659 471 rsus.
684 407 723 482 7,
748 411 779 473 8.
1072 415 1134 477 153

72 598 123 652 tur.
165 576 241 651 llam
274 585 327 652 hto
360 592 486 676 quoqne
501 611 631 656 ramos
653 587 758 656 dicere
778 610 842 655 non
865 590 947 668 vult,
969 588 1054 678 qlrod
1083 593 1136 660 di-

72 709 181 765 oentem
204 719 277 764 enm
297 701 439 766 ‘iecerunt
461 723 708 769 onnrsosronus
730 701 861 790 aliique,
886 703 997 770 Filium
1011 705 1135 774 netho-

14 864 16 873 Α
71 811 268 877 ῐηίηθωιεεεο,
281 813 412 895 iaomm3
436 815 490 880 sed
512 817 750 882 babetumaeius
759 797 1005 904 suisaetabem,
1028 830 1065 885 at
1078 822 1135 887 de-

65 923 316 1014 prehenderetur
339 931 471 994 similis.
484 951 555 995 esce
574 931 755 996 bominum:
776 931 809 997 id
827 943 888 1012 est,
906 933 1045 1000 minister
1062 935 1134 1016 oei,

71 1049 99 1104 ut
112 1039 160 1104 olii
180 1039 339 1120 homines,
362 1041 425 1108 Deo
446 1044 611 1111 subiectus.
656 1047 744 1111 Hunc
767 1057 871 1112 autem
890 1059 1028 1114 mentem
1048 1070 1134 1116 suem

70 1153 166 1218 melius
184 1154 353 1220 enunciare
367 1178 432 1220 non
453 1157 562 1242 potnit,
582 1179 753 1244 qrnmusu
770 1159 940 1246 Singularis
958 1156 1133 1248 ἄνθρωπος,

70 1265 149 1330 bomo
167 1268 321 1354 quolibet,
343 1289 480 1354 quocum
501 1271 806 1356 tamenlntorpretea
828 1283 911 1338 reete
932 1274 1073 1339 conterre
1086 1274 1134 1339 iu·

70 1376 132 1442 bent
160 1381 283 1444 Plurele
315 1378 491 1470 ἄνθρωποι,
522 1384 651 1453 Poatm.
667 1383 838 1456 ,Lxxxln
864 1388 894 1451 7.
925 1397 956 1450 et
978 1383 1085 1462 πάντες
1103 1383 1135 1450 oi

68 1484 234 1578 ιἅνθρωποι,
254 1491 332 1560 Iud.
356 1497 446 1564 XVI:
473 1500 524 1563 17.

104 1605 199 1670 llinus
230 1605 407 1692 disputandi
438 1631 528 1675 censa
561 1621 605 1674 est
636 1611 675 1675 d'e
703 1609 917 1696 sequentibus:
941 1611 1135 1678 ἐταπείνωσεν

68 1713 179 1800 iamir,
200 1741 293 1808 quae
312 1722 520 1808 superioribus
541 1722 650 1792 ἓαυτόν
668 1724 793 1793 intrent
814 1715 1018 1808 respondere,
1040 1744 1134 1788 nemo

68 1831 205 1918 negabit(
235 1835 270 1898 Si
296 1838 475 1922 quaeritur,
504 1839 681 1926 synonyme
709 1837 786 1904 haec
814 1836 890 1914 sint,
913 1848 949 1900 ut
969 1826 1038 1922 post
1058 1837 1134 1902 alios

68 1948 177 2010 monuit
197 1969 337 2029 nimus,
361 1973 401 2016 an
424 1951 549 2018 notione
570 1954 650 2016 inter
672 1974 705 2016 se
721 1951 884 2030 differant,
907 1951 956 2014 vix
976 1972 1040 2014 esse
1052 1950 1133 2016 urbi-

66 2065 137 2136 tror,
160 2061 244 2146 quod
268 2062 301 2128 in
323 2048 438 2130 indicio
457 2065 592 2135 haereas.
627 2067 724 2144 Nam,
751 2065 867 2142 utalia
888 2087 974 2132 nunc
994 2065 1132 2141 mittam,

67 2170 188 2240 formula
210 2183 371 2264 ronsroodr
390 2175 500 2246 ἑαυτόν
525 2179 564 2244 de
585 2179 627 2243 iis
644 2179 786 2264 usurpari
806 2179 899 2257 solet,
924 2177 979 2265 qui
999 2197 1062 2242 non
1081 2199 1133 2241 so-

66 2283 122 2350 lum
143 2299 249 2367 semet,
262 2294 335 2380 ipsi
345 2291 550 2382 deprimunt,
572 2303 625 2358 aut
639 2314 675 2356 se
684 2293 824 2380 faciunt
839 2285 1031 2372 submersae
1049 2290 1132 2376 quod

66 2397 149 2468 altera
175 2407 280 2472 κενοῦν
298 2402 410 2473 ἑαυτόν.
432 2405 599 2494 significari
619 2405 765 2483 vidimus,
788 2405 841 2471 sod
865 2405 957 2470 etiarn
977 2403 1153 2468 sarbmr‘ree'

64 2533 95 2576 te
118 2531 261 2606 gerunt,
295 2519 343 2582 nti
371 2519 484 2586 docent
507 2518 632 2584 Marto.
659 2520 778 2588 XVIII:
805 2523 836 2584 4.
868 2518 946 2584 Luc.
972 2517 1057 2584 XIV:
1081 2517 1132 2580 11.

64 2627 178 2726 lt‘or.
201 2633 266 2696 xl:
291 2636 310 2696 7
335 2645 365 2698 ot
390 2634 443 2700 alii
464 2635 525 2699 loci
546 2657 565 2698 a
584 2655 802 2698 scnnnnsonuo
826 2643 857 2698 et
876 2651 1063 2702 wursrnsro
1083 2625 1135 2694 atss
1244 2636 1249 2646 '

64 2736 116 2806 loti.
144 2743 236 2809 Hanc
256 2755 361 2810 autem
382 2747 665 2833 interpretationem
684 2744 994 2814 vernatmnetvooo
1012 2739 1132 2822 ἑαυτόν,
1180 2750 1185 2759 ’

14 2907 18 2920 .
64 2863 92 2917 ut
111 2855 330 2924 adiunctormn
353 2861 431 2926 ratio
444 2859 611 2939 habeatnr,
634 2861 692 2925 sibi
715 2860 841 2925 omnino
863 2857 1028 2944 postulant.
1052 2855 1134 2922 Dicit

63 2966 148 3054 Igitur
164 2995 299 3038 esnone:
344 2973 416 3053 Εἰ,
441 2997 511 3038 com
533 2975 644 3040 tabita
665 2969 747 3068 (suo)
763 2971 1080 3064 deprehenderetur,
1096 2976 1135 3036 ut

62 3081 144 3150 bomo
159 3089 313 3176 quilibet,
333 3086 401 3153 Ilei
419 3091 572 3152 minister
592 3109 680 3164 esse,
699 3087 859 3152 submisse
879 3088 1046 3176 regessit.
1079 3117 1081 3124 ¹

99 3199 265 3283 Quomodo
296 3213 401 3298 auterp
432 3201 593 3267 submissio
626 3201 679 3266 ille
707 3200 900 3286 apparuerit,
926 3199 1015 3264 nobis
1043 3195 1135 3264 tradit

60 3325 160 3380 auctor
181 3314 301 3380 verbis:
331 3313 485 3400 γενόμενος
503 3313 650 3400 ύὴήκοος,
676 3313 793 3392 idest,
818 3337 854 3380 eo
877 3313 966 3402 qood
989 3335 1025 3378 so
1049 3313 1139 3381 omui

58 3427 90 3488 io
107 3449 147 3493 re·
163 3431 362 3502 obedientem
380 3429 578 3519 praestabat
590 3426 670 3494 D'eo.
716 3428 862 3492 Plausum
880 3449 945 3494 non
964 3426 1036 3491 tulit
1055 3448 1136 3494 ono*

58 3559 98 3604 rn
118 3543 289 3622 sententia,
313 3543 521 3609 obedientiam
543 3541 596 3606 hle
619 3542 793 3608 memorari
808 3541 988 3606 bominibus
1008 3539 1136 3627 praesti

56 3663 130 3736 tun,
150 3656 396 3741 tam'Iudaeie,
413 3677 511 3746 qaam
536 3654 713 3722 Romanis:
731 3677 834 3743 neque
851 3654 911 3721 hoc
927 3677 1000 3722 sane
1020 3654 1134 3724 miran-
1235 3689 1237 3697 ι

55 3763 134 3836 dum.
180 3774 263 3838 Nam
282 3771 436 3858 primum,
459 3769 514 3856 qui
537 3767 821 3854 interpretationem
839 3769 926 3838 illem
936 3769 1063 3855 probet,
1080 3788 1135 3834 ne

56 3903 132 3950 cesse
164 3897 213 3951 est
242 3907 388 3971 respuere
409 3884 508 3949 multa
528 3903 653 3960 eornm,
684 3903 764 3968 quae
787 3882 918 3949 orationi
938 3879 1136 3968 praecedenti

53 3996 146 4064 inesse
171 4000 329 4065 recentior
344 3996 425 4064 oetas
443 3998 606 4064 nobiseum
624 3998 818 4083 exploratum
833 3995 952 4064 habuit.
997 3993 1135 4070 Deinde,

55 4109 77 4173 si
97 4132 222 4180 summa
239 4113 316 4180 leus
335 4133 463 4190 cnarsm
487 4090 625 4177 cernitur
644 4113 677 4178 in
695 4111 782 4177 iussis
802 4110 965 4176 bominum
983 4126 1135 4194 peragen-

54 4225 112 4306 dis,
136 4251 203 4296 non
227 4230 384 4316 intelligo,
406 4229 562 4314 quomodo
585 4227 648 4293 diei
669 4225 780 4314 possit,
804 4221 888 4311 quod
910 4221 1012 4286 stetim
1032 4221 1136 4307 sequi-

55 4353 117 4421 tur,
138 4353 322 4434 propterea
347 4343 453 4410 Deam
473 4344 573 4408 etiam
596 4361 665 4406 eum
685 4341 839 4415 eoem'sse.
886 4337 965 4402 Tum
989 4333 1137 4430 loqnepdi
