2812 5032
169 321 214 454 ι,
283 381 346 444 tet
588 323 592 334 ·
671 395 739 440 oar.
762 375 802 440 11.
830 397 920 470 torres⁸⁴
940 378 970 440 4.

278 585 414 652 muno,
427 579 620 626 unrrnrnsro
639 548 785 648 aliisque,
808 559 889 624 bano
908 559 1075 648 genuinam
1095 557 1191 622 videri
1211 559 1337 644 scriptio-

278 699 352 744 nem
383 697 492 754 raum,
524 673 607 740 unde
634 673 735 740 Editio
756 653 994 762 recepta'longe
1014 672 1193 739 discesserit.
1238 671 1274 736 nt
1292 693 1338 756 pro

278 789 439 876 Partieipio
458 787 585 878 quidem
603 793 797 868 somene,
816 787 900 876 quod
921 785 1109 872 optimorum
1126 787 1276 851 librorum
1289 784 1338 848 fide

277 901 402 980 nitiurr,
424 913 518 988 utque
535 901 606 966 ideo
620 899 799 986 nuperrime
818 921 999 966 amuoszro
1019 912 1049 966 et
1068 921 1265 966 eonsensum
1275 919 1337 985 quo

277 1037 339 1103 que
359 1015 524 1102 probatum
544 1025 605 1094 est,
627 1013 768 1082 Verbum
789 1013 913 1078 finitum
933 1021 1069 1082 σκοπεῖτε
1088 1014 1127 1078 ab
1143 1013 1211 1078 aliis
1221 1013 1337 1098 positum

277 1151 339 1194 esse
371 1140 463 1215 puto,
500 1129 573 1214 quia
591 1126 849 1206 admonitionem,
873 1127 1046 1213 saepissime
1066 1128 1179 1192 lectum
1198 1125 1246 1189 vel
1267 1124 1339 1190 audi

276 1254 357 1319 turn,
386 1243 430 1307 ita
455 1251 636 1328 suggereret
659 1241 823 1320 memoria3
857 1241 897 1311 eb
918 1241 985 1304 aliis
1011 1251 1137 1326 propter
1159 1239 1338 1325 opinionem,

276 1375 386 1418 novam
407 1353 460 1418 bio
479 1353 597 1438 requiri
619 1329 743 1420 dicendi
762 1355 912 1428 formam,
940 1373 1013 1418 oum
1035 1373 1150 1416 norum
1171 1363 1279 1418 auctor
1300 1371 1337 1414 ar·

276 1448 460 1552 gumentum
489 1463 720 1553 aggrederetur.
767 1464 827 1528 Sed
855 1487 890 1528 ex
920 1475 1011 1550 supra
1040 1465 1198 1551 disputatis
1221 1462 1336 1549 intelligi

275 1589 374 1662 potest
394 1588 515 1646 tantum
535 1579 658 1655 abesse,
683 1588 717 1642 ut
740 1578 880 1646 Verbum
900 1577 1024 1642 finitum
1049 1576 1140 1642 buius
1160 1577 1221 1642 loei
1243 1577 1291 1653 sit,
1308 1586 1335 1637 ut

275 1713 311 1756 eo
332 1692 531 1776 perturbetur
556 1691 648 1756 series
672 1691 832 1770 orationis,
852 1713 872 1756 a
892 1691 992 1758 Versu
1014 1695 1034 1754 2
1054 1709 1153 1776 usque
1173 1691 1213 1755 ad
1234 1695 1253 1755 5
1272 1709 1336 1754 eon-

274 1804 419 1873 tinuatae.
474 1806 533 1869 Per
563 1806 668 1870 iocum
700 1805 819 1889 potius,
855 1825 949 1890 quarn
978 1803 1056 1868 serio
1093 1803 1203 1868 dixeris
1235 1814 1336 1868 neusse

274 1899 446 1995 wotrruu,
469 1918 560 2002 plura
579 1917 844 2006 esse,Partioipia,
865 1937 985 2002 quaele
1011 1917 1106 1982 verbo
1124 1923 1254 2005 φρονῆτε
1270 1937 1337 2000 pen-

273 2028 382 2110 deant3
406 2049 466 2096 neo
487 2029 656 2116 quidquam
684 2051 747 2094 esse
767 2049 891 2108 causae,
912 2051 969 2094 our
987 2051 1023 2094 ea
1044 2022 1123 2094 noro
1140 2030 1274 2116 quodam
1289 2049 1337 2092 au-

274 2162 410 2227 geamus.
456 2141 580 2206 Minoris
605 2141 748 2228 ponderis
774 2153 820 2206 est
845 2153 952 2210 mutue
981 2143 1132 2208 librorum
1150 2142 1290 2208 dissensio
1305 2140 1336 2204 de

272 2255 476 2333 pronomine,
503 2255 650 2342 quoniam
670 2255 780 2321 eodem
800 2255 1004 2322 reditsensus
1024 2249 1185 2334 orationis,
1205 2256 1266 2320 sire
1284 2253 1335 2318 edi-

274 2361 485 2452 tur'tteeeog,
508 2393 562 2434 seu
580 2371 709 2439 ἕκαστοι.
734 2370 795 2435 Sed
812 2371 838 2434 si
859 2372 997 2457 quaeris,
1014 2381 1122 2434 utrum
1143 2391 1257 2434 erosos
1275 2367 1336 2434 serl-

273 2481 393 2564 pserit,
411 2481 535 2546 Plurale
562 2482 688 2547 omnino
719 2483 876 2571 Singulari
902 2483 1140 2570 praeferendum
1159 2483 1294 2556 videtur,
1313 2487 1337 2540 et

274 2592 401 2677 quidem
422 2592 505 2658 baud
529 2617 616 2684 seeus
635 2595 669 2659 in
691 2597 788 2680 priori
809 2597 977 2662 sententiae
996 2596 1155 2674 membro,
1176 2595 1232 2660 ubi
1246 2612 1336 2659 eures·

272 2727 422 2783 suenrus,
456 2707 559 2772 miuus
593 2708 650 2772 sibi
680 2721 836 2786 constans,
869 2710 1002 2786 alterum
1031 2707 1176 2786 retinuit,
1208 2700 1295 2795 atque
1311 2705 1336 2766 in

274 2817 442 2901 posteriori.
489 2819 665 2904 Utrumque
680 2821 773 2888 enim
796 2823 917 2899 locum,
940 2821 998 2885 nisi
1020 2823 1125 2899 fallor,
1147 2827 1337 2906 corruperunt

272 2929 428 3007 homines,
451 2951 517 3014 pro·
530 2931 683 2998 rarissimo
705 2934 823 3000 Plurali
842 2935 1072 3012 usitatissimum
1086 2933 1258 3020 ¹Singulas-e
1275 2932 1337 2996 sub

272 3041 462 3108 stituendum
491 3057 660 3111 censentes.
707 3047 799 3128 Quod
830 3069 939 3112 eorum
959 3067 1085 3132 quoque
1105 3048 1262 3112 nonnullis
1284 3045 1337 3130 pla·

273 3155 352 3233 cuit,
379 3153 435 3242 qtii
459 3159 653 3236 pronomen,
675 3161 743 3224 voci
762 3160 871 3248 ἑτέρων
890 3161 1081 3240 subiectum,
1097 3181 1265 3248 perperam
1278 3176 1337 3222 cum

272 3269 372 3336 Versu
392 3271 533 3355 sequenti
557 3273 796 3360 coniungebant.
843 3274 940 3338 Sicuti
959 3272 1062 3338 eutem
1081 3275 1164 3336 vario
1182 3273 1337 3338 modoora-

272 3380 315 3444 tio
346 3380 509 3466 depravata
530 3394 589 3462 est;
615 3385 658 3450 sic
682 3388 809 3450 fuerunt
833 3386 941 3464 etiem,
966 3386 1021 3472 qui
1048 3385 1237 3466 Pronomine
1258 3370 1338 3448 semel

274 3493 443 3560 omittendo
462 3518 554 3563 suum
576 3499 696 3562 auctori
715 3498 919 3564 detraherent.
966 3489 1217 3564 Redundantisrn
1239 3513 1338 3580 nempe

273 3606 485 3676 existimarunt
505 3611 733 3694 repetitionem,
758 3634 838 3698 quae
859 3613 898 3676 de
921 3611 1072 3678 industrie
1095 3613 1176 3677 faeta
1196 3623 1256 3690 est,
1287 3628 1338 3695 quo

273 3720 406 3804 penitius
423 3721 532 3786 animis
553 3703 751 3790 mandaretur
764 3724 919 3802 doctrina,
941 3747 1057 3802 omnes,
1079 3736 1206 3810 excepto
1218 3723 1336 3792 nemine,

274 3833 375 3898 offioio
386 3835 541 3918 proposito
552 3837 671 3901 teneri:
685 3837 828 3902 Ceterum
847 3837 967 3902 incuria
981 3849 1040 3913 ,aut
1049 3837 1241 3903 festinatione
1255 3831 1338 3928 magis

274 3967 369 4030 quam
389 3946 515 4009 oonsilio
535 3949 678 4012 nonnulli
695 3950 870 4015 Articulum
891 3936 1045 4036 pluralem
1059 3950 1145 4040 ru'ffin
1164 3951 1338 4038 singularem

273 4055 310 4124 τό
330 4069 505 4136 mutarunt,
533 4059 711 4146 ignorantes
728 4075 813 4128 certe
835 4076 1047 4130 eommenmm
1068 4085 1234 4144 peremit,
1253 4063 1337 4126 altero

255 4171 448 4252 ''perversaut
469 4171 633 4265 significari
653 4155 833 4253 utilitatem,
854 4177 955 4242 'altero
972 4199 1086 4246 ‘verane
1129 4177 1261 4246 Omisdio
1276 4179 1337 4236 tero

229 4283 231 4290 “
275 4284 446 4352 Pertieulne
467 4287 533 4364 eol,
556 4297 659 4374 utrum
691 4287 798 4354 itidem
824 4275 1030 4377 negligentiae
1051 4289 1213 4356 tribuenda
1234 4289 1284 4362 sit,
1303 4301 1335 4347 θη
