2812 5032
222 467 224 472 .
289 377 350 440 170
663 395 732 438 ear.
756 375 795 438 ll.
820 397 905 440 vens.
933 377 983 440 12.

284 559 405 652 Merg.
450 561 573 648 Imago,
593 581 689 647 quam
708 562 796 626 nobis
814 561 920 641 offert,
941 585 959 628 a
980 564 1072 628 serris
1089 563 1203 650 petita,
1222 566 1246 630 si
1262 566 1296 632 in
1311 565 1349 632 di·

284 676 420 742 ctionem
437 675 595 762 propriam
612 686 826 755 convertatur,
846 675 1045 743 scribendum
1063 700 1129 745 esse
1146 699 1271 745 ramoso
1292 685 1351 746 oei·

282 795 333 856 mi
349 791 563 874 demissione,
582 789 658 856 locis
678 791 828 859 similibus
846 789 974 859 Prote.
993 793 1038 858 ll:
1061 797 1113 861 11.
1135 797 1151 858 1
1177 793 1254 864 Gor.
1272 794 1350 862 1123.

285 911 306 972 2
330 904 407 974 Cor.
426 903 500 973 VH:
514 883 574 970 '15.
592 903 685 994 Idplr.
704 905 768 973 Vt:
788 905 1039 988 5'confereudis,
1058 909 1269 994 maximopere
1289 929 1351 995 pro·

283 1021 359 1087 bare
384 1029 512 1086 conatus
540 1029 586 1084 est
618 1039 765 1098 mmo,
787 1041 1058 1100 sermomonem,
1078 1023 1135 1110 qui
1153 1021 1275 1109 scripsit
1291 1023 1352 1105 ped

282 1127 577 1221 ταπεινοφροσύνης,
596 1131 735 1219 aliosque
752 1133 881 1202 Veteres
899 1147 1032 1202 sennan.
1077 1138 1199 1222 llcapse
1217 1157 1291 1201 vero
1307 1135 1353 1199 illis

284 1247 383 1335 magis
405 1247 605 1325 assentimur,
629 1267 725 1334 quam
744 1247 884 1313 assentiri
907 1249 1064 1328 ridemur,
1086 1251 1112 1314 si
1133 1272 1207 1316 cum
1225 1265 1354 1316 ruriam

280 1361 527 1447 interpretemur
549 1383 620 1426 mem
635 1383 761 1428 οαναναα
782 1361 981 1450 diligentem,
1005 1365 1056 1428 rel
1072 1364 1192 1450 potius,
1212 1375 1249 1430 ut
1264 1361 1353 1428 suadet

174 1483 176 1489 ’
284 1497 509 1553 narraremus,
541 1496 584 1540 eoo
612 1484 716 1540 mente
737 1475 808 1542 Deo
829 1453 1086 1567 religiosissime
1105 1477 1232 1543 ἀνοσία.
1278 1477 1353 1543 Cete-

284 1611 357 1655 rum
378 1588 623 1675 Participium'‘
601 1583 825 1668 υσακούσαντνς
844 1589 1057 1657 obedaentrom
1070 1599 1287 1682 praeetantee
1305 1611 1354 1655 non

283 1703 540 1791 praecedentibus
571 1705 606 1772 ἒν
623 1731 664 1796 σῃ
650 1703 819 1797 οἰαουσία
838 1727 899 1790 μου
906 1753 917 1785 ,
948 1716 984 1770 ut
1009 1705 1105 1794 vulgo
1128 1705 1293 1783 statuitur,
1315 1702 1355 1767 sed

280 1815 361 1883 'hnic
382 1815 623 1902 lormulaapsre
642 1813 742 1906 φόβου
763 1820 813 1884 καὶ
832 1815 947 1906 τρόμου
968 1817 1356 1907 cogitandosubiiciendun

279 1953 367 2009 esse,
390 1931 450 1996 tria
470 1929 550 1996 mibi
565 1943 799 2017 persuaserunt:
824 1932 973 2029 etipsius
995 1933 1166 2014 termulae,
1184 1933 1300 2022 quippe
1317 1928 1355 1995 cui
1394 1971 1395 2062 p

284 2046 349 2109 iam
379 2043 531 2128 implicite
563 2043 764 2110 obedrente'ae
790 2045 876 2110 notio
898 2045 993 2124 inest,
1021 2046 1192 2113 observatio
1199 2071 1208 2128 ;
1233 2057 1265 2110 et
1285 2047 1356 2109 loco-
1394 2069 1395 2118 1

281 2181 359 2223 rum
389 2179 483 2244 supra
511 2159 732 2238 excitatorum,
762 2159 797 2226 iu
832 2179 969 2246 quorum
999 2159 1158 2246 plerisque
1188 2158 1382 2240 mmientto

282 2273 429 2360 proxime
458 2277 667 2351 memoratur,
701 2273 906 2359 comparati03
939 2283 970 2337 et
994 2273 1199 2338 consideratio
1219 2271 1356 2356 denique

175 2423 177 2430 ·
288 2386 532 2452 admonitionem
571 2397 753 2475 sequentem
787 2387 844 2475 τήν
872 2386 991 2456 ἓαυταῖν
1019 2387 1170 2475 σωτηρίαν
1198 2379 1357 2472 κατεργάζε-

287 2508 348 2568 σθε
377 2503 471 2568 talem
506 2523 588 2579 esse,
618 2511 654 2564 ut
681 2522 773 2588 aegre
804 2523 840 2568 ac
867 2499 1031 2566 difficulter
1054 2521 1128 2566 cum
1150 2500 1214 2566 illa
1227 2493 1354 2566 connecti

134 2609 137 2616 ¹
168 2610 172 2618 ’
285 2616 390 2700 pessit.

330 2729 376 2791 Ex
397 2750 490 2812 supra
514 2726 705 2813 disputatis
696 2749 760 2806 ram
781 2681 983 2813 intelligitur,
1007 2747 1145 2812 quonam
1165 2728 1237 2816 loco
1260 2738 1290 2792 et
1308 2745 1354 2788 nu-

286 2861 375 2905 mero
395 2840 495 2926 ipsam
517 2838 648 2904 habeam
670 2839 974 2904 admonitionem
934 2866 991 2927 νην
1010 2839 1129 2909 ναυτῶν
1148 2840 1297 2928 σωτηρίαν
1309 2849 1394 2910 να·

198 2941 208 2962 “
285 2952 479 3042 τεργοῖζεσθε.
521 2953 642 3038 Sequor
670 2951 956 3036 interpretationem
987 2951 1069 3030 ciris,
1099 2951 1140 3018 de
1161 2974 1226 3040 qua
1246 2971 1354 3022 omnes,

286 3078 442 3154 quantum
465 3065 545 3142 scio,
568 3066 650 3132 inter
673 3089 705 3133 sc
728 3076 951 3130 consenserunt
972 3065 1128 3132 Ecdlesiae
1139 3067 1255 3146 Patres,
1268 3083 1357 3132 omnes

286 3185 365 3268 post
376 3166 542 3246 Sacrorum
561 3177 816 3244 instaurationem
833 3177 901 3245 Viri
920 3178 1092 3265 principes,
1112 3179 1214 3247 donec
1234 3179 1312 3246 baud
1325 3176 1358 3238 itt

207 3339 210 3350 -
288 3295 410 3380 pridem
425 3295 586 3372 nonnulli,
609 3315 668 3360 nec
690 3304 793 3359 tamen
814 3290 932 3358 indocti
942 3292 1021 3373 Viri,
1035 3292 1358 3383 oliamingrederentur

288 3395 387 3486 viam,
418 3429 498 3494 quae
529 3429 625 3472 nuuc·
644 3406 778 3471 maxime
807 3406 929 3472 tritaet
952 3419 1098 3475 consueta
1122 3420 1177 3475 est.
1223 3406 1358 3474 Nimirum

289 3522 466 3586 Pronomen
488 3521 607 3589 ἑαυτῶν
626 3543 685 3606 pro
706 3517 849 3607 ἀλλήλων
868 3519 1004 3605 positum
1023 3542 1088 3586 esse
1105 3533 1278 3598 sumentes,
1295 3535 1357 3582 rsu-

165 3713 168 3724 ·
289 3655 355 3698 suu
377 3634 620 3720 praecipientem
638 3633 776 3711 laniunt,
798 3640 908 3698 mutuo
932 3635 1069 3722 quisque
1094 3634 1186 3723 qnod
1207 3635 1285 3706 nlei'r
1303 3651 1357 3693 se-

288 3751 354 3814 tori
384 3750 431 3812 sit
444 3746 611 3837 perficite.
656 3749 725 3838 Iam
748 3748 831 3813 ultro
854 3758 885 3813 et
909 3747 1044 3814 libenter
1064 3748 1180 3827 fateor,
1205 3746 1358 3813 orationem

289 3871 466 3928 contextam
498 3860 541 3926 ita
574 3882 638 3925 esse
667 3872 893 3947 comparatam,
925 3873 961 3927 ut
988 3860 1071 3929 banc
1091 3861 1359 3950 interpretationem

288 3977 390 4064 primo
412 3987 539 4062 aspectu
560 3974 687 4042 omnino
707 3976 864 4062 postulare
885 3976 1036 4044 rideatur.
1069 3979 1150 4060 Tum
1174 3958 1300 4042 subsidio
1312 3988 1359 4033 ve·

288 4090 382 4168 niunt
416 4089 508 4156 multi
535 4090 617 4167 loci,
653 4113 690 4154 er
720 4089 806 4154 libris
821 4101 895 4170 ‚tam
917 4067 1122 4170 exterorum,
1147 4112 1241 4179 quam
1262 4089 1360 4153 Sacro·

291 4226 362 4268 rrun
391 4203 728 4290 Scriptorum'petiti,
754 4204 788 4269 in
814 4204 928 4292 quibus
951 4203 1083 4276 candem
1105 4205 1194 4270 aiunt
1217 4201 1360 4280 utriusque

291 4319 372 4382 vocis
403 4320 665 4402 permutationem
695 4317 835 4403 reperiri.
879 4318 940 4384 Sed
964 4319 1114 4397 lustratis,
1139 4300 1217 4406 quae
1238 4313 1359 4384 afferun-
