2808 5032
387 392 453 436 ura.
478 373 531 437 111.
560 395 642 438 veno.
667 379 724 450 13,
753 379 802 438 14.
1079 376 1144 442 243

87 555 209 622 excitarit
226 577 524 621 marsounurnnnus.
550 559 652 624 Verbo
672 556 881 644 κατειληφέναι
902 579 1141 642 cnnruosrouus

85 670 135 733 iarn
154 667 374 753 interpretandi
393 691 483 734 causa
506 669 616 735 adiecit
637 667 693 756 τήν
713 667 820 756 domin
840 663 974 740 ἅπασαν.

419 941 422 950 ,
513 891 604 936 ‘vona
630 875 681 936 14.

114 1007 250 1092 Exemplo
275 1029 330 1071 suo
353 1029 469 1072 rannus
492 1029 577 1071 nuno
602 1006 750 1084 ostendit,
783 1020 899 1092 quanto
919 1008 1014 1074 animi
1036 997 1145 1076 ardore

82 1117 159 1184 borno
173 1121 252 1184 bene
277 1119 494 1188 donatianus
515 1119 611 1196 illud,
634 1119 718 1205 quod
739 1119 797 1186 sihi
816 1120 920 1186 deesse
940 1122 1041 1198 novit,
1065 1145 1143 1188 oon-
1194 1186 1198 1194 ,

79 1232 152 1318 requi
173 1234 346 1299 annitatur:
364 1232 424 1299 Ἓν
443 1233 479 1298 δὲ
487 1282 500 1314 ,
517 1230 557 1300 τοὶ
576 1232 633 1315 μὲν
653 1230 749 1300 ὀπίσω
770 1231 1062 1318 ἐπιλανθανόμενος,
1081 1245 1145 1315 τοῖς

78 1344 107 1408 δὲ
123 1342 290 1434 ἔμπροσθεν
310 1342 559 1428 ἐπεκτεινόμενος,
580 1343 657 1412 nord
677 1343 927 1429 coenobitam,
948 1348 1000 1414 ἐπὶ
1018 1346 1055 1414 ro*
1069 1354 1147 1442 doaj

76 1460 144 1536 βιϊον
160 1454 298 1544 derivo
316 1453 447 1545 κλήσεως
465 1461 521 1524 τοῦ
541 1459 622 1524 Θεοῦ
639 1459 673 1522 ἐν
693 1461 819 1547 Χριστῷ
837 1455 950 1544 Ἰησοῦ.
1000 1459 1144 1546 Plerique

76 1567 246 1655 Interpretea
269 1571 387 1644 iamin
409 1569 563 1655 prinoipio
583 1569 675 1637 huius
687 1569 855 1643 sententiae
865 1569 1144 1658 breviloquentiam

57 1681 123 1746 tihi
150 1685 301 1750 inuenisse
323 1683 491 1760 ¹ridentur,
521 1667 615 1769 quain
645 1683 712 1748 tutti
734 1683 843 1748 iubent
864 1684 1018 1750 vocabulis
1047 1687 1081 1754 ἓν
1109 1667 1145 1752 dd

74 1793 240 1862 adiiciendo.
259 1796 366 1865 Verbo
390 1798 557 1885 φροντίζω,
577 1798 753 1882 λογίζομαι,
772 1801 866 1876 ποιοῖ,
886 1797 935 1860 rel
954 1797 1014 1862 alio
1039 1798 1144 1883 quoli-

73 1907 125 1974 bet.
167 1911 272 1999 Atque
293 1911 347 1976 illa
366 1933 439 1976 aene
456 1909 719 1997 breviloquentia,
744 1920 779 1974 ut
796 1909 893 1976 multa
920 1910 985 1974 eius
1004 1912 1143 1996 exempla

72 2019 199 2089 inlibris
222 2025 375 2098 Veterum
396 2034 528 2100 exstem,
557 2024 600 2090 sio
619 2045 745 2090 rantum
765 2041 832 2109 cap.
854 2024 900 2090 II:
926 2029 946 2090 3
967 2047 1059 2090 usum
1080 2047 1144 2090 esse

72 2134 190 2202 vidimus
212 2136 275 2227 (1).
305 2137 404 2202 Aliter
423 2149 526 2202 tamen
544 2135 721 2204 iudicarunt
740 2159 816 2202 unna
837 2149 868 2202 et
890 2151 1045 2216 onorrus,
1066 2159 1144 2224 quo·

70 2269 138 2312 rum·
157 2252 236 2316 alter
264 2262 385 2316 tantum
407 2251 529 2316 retioe'ri
547 2250 747 2318 ait-Verbum
766 2251 845 2329 ἔστί,
865 2251 942 2314 alter
960 2273 1024 2316 non
1043 2273 1144 2317 uniam

69 2365 187 2445 spectari
216 2364 366 2442 verbum,
400 2363 452 2428 sed
481 2375 605 2428 sensum
634 2373 742 2428 totum.
788 2362 837 2429 Ad
864 2385 976 2428 onoru
1004 2374 1143 2439 mentem

69 2477 240 2561 nuperrime
263 2477 386 2542 monuit
413 2479 638 2554 uurrnrnsius,
663 2476 843 2562 gravitatem
867 2475 1011 2540 orationis
1031 2477 1142 2544 immi·

69 2590 127 2667 nui,
149 2589 276 2678 siquid
299 2589 430 2656 addatur
449 2589 606 2654 vocabulis
620 2589 654 2655 ἓν
673 2587 728 2668 δέ’,
747 2610 845 2652 μοιμοι
858 2607 944 2672 dero,
957 2587 1040 2654 dIoto
1053 2611 1144 2675 prae-

69 2701 185 2767 cedenti
205 2727 265 2791 per
285 2727 318 2769 se
342 2702 496 2790 oppositis.
543 2702 605 2768 Sed
623 2701 657 2765 bi
673 2721 785 2766 ’omnes
802 2702 987 2788 Interpretes
1005 2715 1142 2780 sumunt,
1187 2700 1191 2706 ’

66 2813 198 2883 Verbum
238 2839 372 2904 sequens
400 2811 502 2883 diuino
537 2815 776 2880 Intransitirum¹
800 2826 831 2878 et
858 2814 1050 2882 reddendum
1080 2839 1160 2882 esse·

56 2927 167 3011 seror,
194 2952 300 2996 curro
321 2929 371 2992 vel
402 2926 556 2995 similiter:
590 2926 675 3013 quod
696 2949 737 2992 an
758 2927 838 2992 sumi
857 2927 969 3013 possit,
996 2925 1144 3014 equidem

64 3021 261 3108 vehementer
282 3040 400 3106 dubito.
439 3040 587 3146 'brunum
612 3040 696 3104 enim
721 3061 785 3106 non
810 3035 958 3108 eredibile
979 3051 1039 3119 est,
1064 3042 1146 3110 ver-

62 3151 133 3218 bum
157 3154 259 3233 illud,
288 3175 367 3218 oum‘
390 3175 441 3217 rs:
456 3156 496 3218 12
520 3153 679 3218 notionem
701 3150 816 3228 habeat
832 3142 991 3230 Actirarn,
1013 3175 1055 3220 rs.
1082 3157 1145 3231 14,

63 3264 112 3328 nbi
141 3255 263 3333 auotoi-
293 3289 359 3332 rem
385 3264 560 3354 inchoatam
590 3265 787 3352 persequitur
795 3272 807 3342 ‚'
837 3249 952 3332 habore
984 3267 1144 3335 Neutram.

60 3377 177 3446 beindo
196 3381 239 3447 ad
260 3380 342 3446 heire
356 3379 650 3465 interpretationem
670 3378 860 3465 probandam
880 3379 914 3444 in
933 3379 1018 3446 Novo
1041 3383 1146 3461 Testa·
1260 3409 1263 3416 ·

61 3506 163 3561 mento
185 3497 332 3572 frustra‚·
348 3494 533 3571 nisi²Iallor‚
558 3505 748 3580 quaerentur
776 3494 853 3571 loci,
886 3494 945 3562 riiai
973 3517 1048 3560 uum
1070 3521 1145 3564 nnu-

59 3626 150 3673 urnro
182 3607 252 3674 hue
279 3609 429 3702 referatur
451 3607 530 3673 Luc.
555 3607 658 3675 XVII:
684 3611 743 3684 23,
768 3607 822 3671 ubi
844 3609 1020 3674 Pronomen
1045 3621 1156 3695 aeque¹
1219 3649 1224 3661 ·

57 3742 91 3785 aa
123 3721 259 3790 Matth.
285 3720 402 3786 XXIII:
427 3725 522 3816 345²
541 3719 641 3807 ‘supra
661 3723 708 3786 4οὲ.
736 3725 775 3785 12
803 3723 949 3788 omissum
979 3735 1032 3790 est.
1078 3722 1144 3785 Iam

84 3933 125 4002 tl)
140 3937 275 4003 Wrunaus
293 3953 317 4002 p.
334 3937 392 3994 539,
405 3935 484 3986 verbio
502 3953 595 4004 quoquo
616 3939 694 3986 utitur
717 3949 796 3986 ortu:
816 3937 847 3986 Iu
865 3951 905 3984 eoo
926 3951 952 3986 oo
969 3937 1085 3998 impetum
1095 3931 1146 3992 fo-

56 4033 152 4078 crurum
178 4039 206 4080 et
231 4032 305 4080 notit
319 4033 394 4094 prius
419 4029 558 4096 (facturum)
577 4046 650 4096 quom
665 4029 794 4092 flammam
813 4030 886 4079 tortis
905 4029 1063 4076 ior'eotorum.
1099 4020 1145 4070 Sed

55 4117 116 4170 Iocus
141 4123 204 4172 mihi
230 4121 328 4171 videtur
351 4117 481 4172 dissbnilis:
510 4125 619 4188 quoniam
640 4125 794 4190 Partieipium
808 4115 957 4184 feriturum,
972 4119 993 4166 ai
1011 4117 1045 4166 ibi
1062 4133 1144 4166 revera

54 4216 157 4263 orationi
183 4214 264 4264 adfici
290 4213 376 4277 debet,
404 4213 556 4281 repetendum
578 4225 671 4264 tantum
700 4227 743 4266 est.
777 4216 843 4264 Levis
863 4221 942 4261 antem
963 4220 998 4260 eat
1017 4209 1145 4276 disputatio

53 4319 242 4359 urrarrraurr.
260 4307 324 4357 Part.
340 4309 372 4357 11.
391 4326 417 4374 p.
435 4309 493 4357 136.

929 4399 1005 4490 1⁶1*
