2818 5032
416 409 485 454 cert
507 388 561 455 1v.
586 410 671 454 vans.
696 393 733 467 7,
758 395 788 455 6.
1045 351 1048 357 ¹
1082 397 1147 502 2⁶89

326 531 330 542 ,
410 494 417 533 r

81 567 183 649 οὕτως,
206 569 250 648 ὥς
274 569 346 639 otti
364 575 435 650 roric
453 577 633 658 καταλαβεῖν
652 553 801 654 dducam,
819 574 913 654 αὐτός
931 571 1015 660 daug
1032 581 1149 666 drapo-

81 679 183 762 ntes,
210 685 261 748 aad
290 675 613 769 taediosissime
643 685 741 772 μηδὲν
768 692 889 754 παθεῖν.
934 689 1150 756 Marrnrnsros

80 805 241 881 utrumque
258 796 301 864 ita
323 797 501 884 coniungit,
524 808 560 862 ut
577 798 758 883 Apostolum
775 811 806 862 et
826 810 931 887 optare
943 803 1009 872 ¹aiat
1028 815 1059 868 et
1075 827 1148 889 pro·

78 893 244 974 missionem
264 910 376 976 facere.
406 911 483 976 -Sed
501 922 537 974 ut
557 910 641 978 haud
662 911 742 989 seio,
765 935 804 978 an
822 912 1043 1000 interpretandi
1063 917 1148 1004 leges

76 1031 238 1110 utrumque
268 1023 458 1112 coniungere
487 1035 608 1102 vetem,
636 1025 679 1092 sic
708 1025 769 1091 iam
791 1047 883 1112 supra
904 1026 1147 1096 demonstratum

75 1146 123 1212 est,
139 1137 283 1204 orationis
298 1137 409 1203 seriem
427 1139 598 1224 postrdare,
615 1151 650 1204 ut
669 1138 777 1204 Futuri
790 1139 875 1204 notio
892 1141 1061 1205 retineatur
1073 1164 1146 1208 cum

73 1271 209 1328 nessaeo,
241 1271 398 1329 oncvrno,
427 1230 913 1330 cnor10,'nnnsnro'scnsrrmo.
937 1255 1147 1320 -'Sonn1nrmr
1259 1237 1261 1244 ’

72 1383 140 1426 cum
159 1375 246 1428 recte
265 1363 356 1429 etiam
382 1364 421 1428 ad
440 1364 589 1452 loquendi
609 1387 700 1430 usum
719 1386 898 1450 provocasse
920 1389 956 1432 er
980 1389 1146 1454 compara·

69 1473 147 1540 tione
176 1487 324 1564 appareat
352 1477 518 1542 verborum
548 1499 651 1543 versus
675 1481 709 1544 9:
742 1481 840 1544 ταῦτα
866 1472 1022 1564 πράσσετε·
1053 1477 1150 1543 καὶὸ

54 1585 138 1666 θεός
164 1594 231 1676 τῆς
252 1584 370 1675 εἰρήνης
388 1587 473 1655 ἔσται
491 1587 565 1674 pet'
582 1589 687 1690 ipsis,
720 1567 818 1670 otium
847 1587 924 1651 mibi
952 1589 1069 1654 factum
1100 1599 1145 1667 est
1257 1583 1261 1589 ¹

67 1703 216 1788 exempla,
243 1723 378 1788 quorum
395 1701 505 1789 ingens
526 1711 622 1766 exstat
641 1697 744 1790 copia,
764 1699 889 1766 aliunde
909 1701 1068 1766 afferendi.
1091 1703 1147 1767 Er-

65 1835 247 1914 go‘runnus
267 1813 540 1903 Philippensibus
564 1812 703 1899 exponit,
728 1812 804 1900 quid
824 1811 886 1878 illis
908 1814 1147 1899 exspectandum

63 1927 111 2006 sit,
141 1929 167 1992 si
195 1925 354 1994 desideria
380 1949 450 2005 sua,
472 1938 508 1990 ut
526 1935 661 2013 oportet,
683 1925 767 2011 apud
789 1925 891 1991 Deum
914 1927 1145 2013 explicaverint.
1194 2014 1196 2018 .
1303 1931 1306 1936 ’

61 2041 125 2106 llon
145 2041 320 2129 pollicetur
340 2061 454 2125 nempe
470 2039 650 2125 Apostolus,
674 2049 709 2103 ut
732 2026 832 2104 verbis
849 2050 920 2105 utar
937 2063 1145 2131 surcnrrnerr,

62 2159 186 2224 omnino
218 2160 304 2235 fore,
335 2167 371 2221 ut
398 2179 454 2221 nos
479 2149 562 2220 Deus
581 2177 617 2220 ex
640 2155 862 2220 calamitatibus
888 2167 919 2220 et
942 2154 1089 2242 angustiis
1112 2153 1145 2220 in

60 2267 115 2335 hac
136 2273 202 2336 vita
225 2270 355 2349 liberet;
379 2267 433 2332 sed
452 2267 614 2354 pollicetur
636 2266 723 2332 nobis
744 2266 792 2346 id,
813 2266 898 2354 quod
919 2267 1061 2332 omnibus
1081 2267 1146 2332 hu-

41 2381 101 2448 ius
130 2383 214 2450 vitae
248 2382 338 2448 bonis
362 2381 461 2447 maius
478 2391 511 2444 et
529 2378 692 2464 optabilius
715 2390 909 2464 est,*paeem
931 2369 1082 2444 nimirum
1101 2379 1143 2444 it-

56 2496 115 2560 tam
134 2497 212 2576 Dei,
230 2517 325 2581 ,quae
346 2503 649 2580 exsuperatomnem
668 2503 816 2560 mentem.

527 2789 612 2832 vens.
637 2771 669 2832 8.

93 2949 311 3016 Promissione
339 2945 612 3035 Philippensibus
646 2944 725 3010 lacta
756 2967 871 3010 raucus
901 2944 939 3010 ad
970 2967 1036 3010 rem
1063 2943 1141 3010 alius

48 3063 236 3150 argumenti
259 3058 501 3148 transgreditur,
536 3069 572 3124 ut
596 3059 728 3125 ostendit
750 3058 940 3126 formulare*
959 3055 1082 3139 λοιπόν,
1102 3059 1142 3124 de
1211 3043 1235 3084 l

47 3197 108 3262 qua
136 3175 285 3242 diximus
308 3172 348 3259 ad
368 3173 515 3258 cap.le
540 3175 571 3238 1.
616 3172 757 3236 Primum
778 3172 874 3261 igitur
893 3172 1028 3238 scribens
1050 3172 1141 3238 teet-

45 3289 101 3374 φοί
127 3285 355 3376 appellatione¹
379 3285 493 3363 utitur,
523 3306 586 3372 qua
617 3285 769 3352 lectomm
799 3285 933 3362 animos,
963 3284 988 3348 si
1019 3284 1140 3372 gravius

42 3402 121 3486 quid
145 3409 381 3488 praecepturus
404 3411 465 3477 est,
494 3398 551 3463 sibi
574 3399 739 3466 conciliare
759 3399 844 3464 solet.
890 3399 972 3462 Tum
995 3396 1072 3463 haec
1093 3421 1141 3464 se-

38 3513 153 3598 quitur
173 3511 369 3582 admonitio:
393 3504 451 3599 iou
476 3513 557 3578 ἐστὶν
584 3511 708 3599 aare,
734 3504 793 3578 ὅσα
813 3509 922 3593 σεμνοὶ,
943 3503 1002 3578 ὅσα
1021 3511 1141 3593 δίκαια,

38 3619 97 3692 ὅσα
125 3627 239 3713 a‘yvoi,
269 3617 329 3690 ὅσα
355 3629 526 3712 προσφιλῆ,
553 3617 613 3693 ὅσα
632 3620 777 3712 εὔφημα,
802 3623 892 3701 εἴτις
911 3624 1019 3713 ἀρετή,
1041 3628 1092 3698 καὶ
1114 3624 1144 3692 εἴ

34 3765 77 3816 τις
97 3737 237 3816 ἔπαινος
242 3785 262 3823 ,Υ
275 3741 374 3804 ταῦτα
393 3736 558 3822 λογίζεσθε.
601 3735 778 3805 Verborum
797 3737 925 3810 cumulo
944 3751 1051 3806 auctor
1069 3739 1140 3804 ani-

29 3851 80 3914 mi
99 3852 154 3916 sui
175 3849 331 3917 ardorem
351 3848 505 3934 patefacit.
528 3851 594 3916 Nec
612 3849 759 3942 uirtutes,
780 3872 857 3938 quas
869 3850 1140 3942 Philippensibus
1222 3886 1225 3892 ·

33 3963 278 4032 commendare
302 3963 384 4038 vult,
408 3962 446 4027 ad
468 3960 589 4028 scholae
613 3963 804 4051 diligentiam
831 3976 983 4043 recenset,
1006 3964 1060 4031 sed
1079 3987 1139 4051 po·
1222 3942 1224 3949 s

28 4080 197 4166 ptdariter
233 4097 288 4142 eas
315 4086 492 4154 enumerat,
519 4077 622 4161 prouti
646 4077 724 4144 aliae
746 4077 804 4144 sihi
826 4090 894 4165 post
913 4077 985 4144 alias
1007 4101 1139 4144 succur-
1213 4110 1216 4114 ·

28 4206 118 4263 runt.
169 4194 273 4258 Mens
297 4189 364 4254 eius
391 4211 456 4255 esse
486 4188 622 4254 videtur:
656 4189 823 4272 Ueterum,
845 4190 1008 4275 Fratres,
1033 4195 1138 4281 puae*

25 4330 164 4400 cunque
188 4307 281 4374 sunt
300 4325 399 4388 vera,
420 4325 629 4394 quaeeunque
646 4305 784 4396 decora,
806 4329 1020 4396 praeconesque
1039 4300 1141 4390 iusta,

965 4425 1006 4488 19
1120 4455 1123 4462 Δ
