<?xml version="1.0" encoding="UTF-8"?>
<!DOCTYPE html PUBLIC "-//W3C//DTD XHTML 1.0 Transitional//EN"
    "http://www.w3.org/TR/xhtml1/DTD/xhtml1-transitional.dtd">
<html xmlns="http://www.w3.org/1999/xhtml" xml:lang="en" lang="en">
 <head>
  <title>
</title>
<meta http-equiv="Content-Type" content="text/html;charset=utf-8" />
  <meta name='ocr-system' content='tesseract 3.04.00' />
  <meta name='ocr-capabilities' content='ocr_page ocr_carea ocr_par ocr_line ocrx_word'/>
</head>
<body>
  <div class='ocr_page' id='page_1' title='image "./commentariusper01henggoog_0020.png"; bbox 0 0 2856 5028; ppageno 0'>
   <div class='ocr_carea' id='block_1_1' title="bbox 597 447 1226 504">
    <p class='ocr_par' dir='ltr' id='par_1_1' title="bbox 597 447 1226 504">
     <span class='ocr_line' id='line_1_1' title="bbox 597 447 1226 504; baseline 0.01 -6"><span class='ocrx_word' id='word_1_1' title='bbox 597 459 773 503; x_wconf 67' lang='lat' dir='ltr'>rnrnorros.</span> <span class='ocrx_word' id='word_1_2' title='bbox 1068 475 1073 483; x_wconf 61' lang='grc'><strong>«</strong></span> <span class='ocrx_word' id='word_1_3' title='bbox 1208 447 1226 504; x_wconf 79' lang='lat'>5</span> 
     </span>
    </p>
   </div>
   <div class='ocr_carea' id='block_1_2' title="bbox 138 619 1271 1167">
    <p class='ocr_par' dir='ltr' id='par_1_2' title="bbox 138 619 1271 1167">
     <span class='ocr_line' id='line_1_2' title="bbox 141 619 1224 713; baseline 0.011 -31"><span class='ocrx_word' id='word_1_4' title='bbox 141 639 258 683; x_wconf 74' lang='lat' dir='ltr'>namur</span> <span class='ocrx_word' id='word_1_5' title='bbox 284 619 349 709; x_wconf 90' lang='lat'>(1),</span> <span class='ocrx_word' id='word_1_6' title='bbox 384 623 461 710; x_wconf 90' lang='lat' dir='ltr'>quin</span> <span class='ocrx_word' id='word_1_7' title='bbox 485 634 515 686; x_wconf 84' lang='lat' dir='ltr'>et</span> <span class='ocrx_word' id='word_1_8' title='bbox 537 643 641 690; x_wconf 83' lang='lat' dir='ltr'>meme</span> <span class='ocrx_word' id='word_1_9' title='bbox 664 645 760 690; x_wconf 77' lang='lat' dir='ltr'>enssn</span> <span class='ocrx_word' id='word_1_10' title='bbox 787 621 852 713; x_wconf 83' lang='grc'>(2),</span> <span class='ocrx_word' id='word_1_11' title='bbox 886 636 922 690; x_wconf 91' lang='lat' dir='ltr'>ut</span> <span class='ocrx_word' id='word_1_12' title='bbox 941 625 996 690; x_wconf 92' lang='lat' dir='ltr'>ille</span> <span class='ocrx_word' id='word_1_13' title='bbox 1018 626 1100 702; x_wconf 81' lang='lat' dir='ltr'>vult,</span> <span class='ocrx_word' id='word_1_14' title='bbox 1132 625 1224 694; x_wconf 84' lang='lat' dir='ltr'>etiam</span> 
     </span>
     <span class='ocr_line' id='line_1_3' title="bbox 139 732 1253 830; baseline 0.008 -35"><span class='ocrx_word' id='word_1_15' title='bbox 139 742 304 819; x_wconf 83' lang='lat' dir='ltr'>sequatur,</span> <span class='ocrx_word' id='word_1_16' title='bbox 328 732 410 800; x_wconf 87' lang='lat' dir='ltr'>huno</span> <span class='ocrx_word' id='word_1_17' title='bbox 431 735 778 803; x_wconf 81' lang='lat' dir='ltr'>urbem-Mooedoniae</span> <span class='ocrx_word' id='word_1_18' title='bbox 801 737 962 816; x_wconf 69' lang='lat' dir='ltr'><strong>exstitisse,</strong></span> <span class='ocrx_word' id='word_1_19' title='bbox 980 749 1142 830; x_wconf 81' lang='lat' dir='ltr'><strong>postquam</strong></span> <span class='ocrx_word' id='word_1_20' title='bbox 1153 741 1229 804; x_wconf 66' lang='lat' dir='ltr'>nni:</span> <span class='ocrx_word' id='word_1_21' title='bbox 1251 777 1253 780; x_wconf 94' lang='lat'>·</span> 
     </span>
     <span class='ocr_line' id='line_1_4' title="bbox 138 843 1222 940; baseline 0.009 -34"><span class='ocrx_word' id='word_1_22' title='bbox 138 867 228 911; x_wconf 82' lang='lat' dir='ltr'>versa</span> <span class='ocrx_word' id='word_1_23' title='bbox 252 843 419 926; x_wconf 80' lang='lat' dir='ltr'>Thracia,</span> <span class='ocrx_word' id='word_1_24' title='bbox 443 871 629 915; x_wconf 75' lang='lat' dir='ltr'>vnennsmno</span> <span class='ocrx_word' id='word_1_25' title='bbox 653 861 819 940; x_wconf 84' lang='lat' dir='ltr'>regnante,</span> <span class='ocrx_word' id='word_1_26' title='bbox 835 851 876 915; x_wconf 85' lang='lat' dir='ltr'>in</span> <span class='ocrx_word' id='word_1_27' title='bbox 898 851 1075 937; x_wconf 76' lang='lat' dir='ltr'>provinciae</span> <span class='ocrx_word' id='word_1_28' title='bbox 1090 852 1222 916; x_wconf 81' lang='lat' dir='ltr'>formam</span> 
     </span>
     <span class='ocr_line' id='line_1_5' title="bbox 139 957 1222 1049; baseline 0.007 -28"><span class='ocrx_word' id='word_1_29' title='bbox 139 959 265 1025; x_wconf 85' lang='lat' dir='ltr'>redacta</span> <span class='ocrx_word' id='word_1_30' title='bbox 287 973 381 1040; x_wconf 85' lang='lat' dir='ltr'>esset,</span> <span class='ocrx_word' id='word_1_31' title='bbox 404 961 482 1026; x_wconf 86' lang='lat' dir='ltr'>mihi</span> <span class='ocrx_word' id='word_1_32' title='bbox 504 963 644 1028; x_wconf 90' lang='lat' dir='ltr'>nondum</span> <span class='ocrx_word' id='word_1_33' title='bbox 665 965 758 1049; x_wconf 88' lang='lat' dir='ltr'>plane</span> <span class='ocrx_word' id='word_1_34' title='bbox 779 957 972 1048; x_wconf 81' lang='lat' dir='ltr'>exploratum</span> <span class='ocrx_word' id='word_1_35' title='bbox 995 963 1126 1029; x_wconf 84' lang='lat' dir='ltr'>videtur.</span> <span class='ocrx_word' id='word_1_36' title='bbox 1157 965 1222 1029; x_wconf 73' lang='lat' dir='ltr'>Gn·</span> 
     </span>
     <span class='ocr_line' id='line_1_6' title="bbox 138 1074 1271 1167; baseline 0.006 -32"><span class='ocrx_word' id='word_1_37' title='bbox 138 1095 235 1137; x_wconf 74' lang='lat' dir='ltr'>nenne</span> <span class='ocrx_word' id='word_1_38' title='bbox 262 1086 346 1139; x_wconf 88' lang='lat' dir='ltr'>certe</span> <span class='ocrx_word' id='word_1_39' title='bbox 368 1074 451 1141; x_wconf 88' lang='lat' dir='ltr'>haud</span> <span class='ocrx_word' id='word_1_40' title='bbox 478 1075 609 1142; x_wconf 82' lang='lat' dir='ltr'>obscuro</span> <span class='ocrx_word' id='word_1_41' title='bbox 631 1077 816 1165; x_wconf 83' lang='lat' dir='ltr'>significasse</span> <span class='ocrx_word' id='word_1_42' title='bbox 839 1075 977 1154; x_wconf 75' lang='lat' dir='ltr'>videtur,</span> <span class='ocrx_word' id='word_1_43' title='bbox 1000 1099 1033 1140; x_wconf 88' lang='lat' dir='ltr'>se</span> <span class='ocrx_word' id='word_1_44' title='bbox 1057 1075 1221 1167; x_wconf 80' lang='lat' dir='ltr'>Neapolin</span> <span class='ocrx_word' id='word_1_45' title='bbox 1269 1077 1271 1082; x_wconf 79' lang='grc'><strong>’</strong></span> 
     </span>
    </p>
   </div>
   <div class='ocr_carea' id='block_1_3' title="bbox 137 1177 1406 1276">
    <p class='ocr_par' dir='ltr' id='par_1_3' title="bbox 137 1177 1406 1276">
     <span class='ocr_line' id='line_1_7' title="bbox 137 1177 1406 1276; baseline 0.005 -26"><span class='ocrx_word' id='word_1_46' title='bbox 137 1185 295 1250; x_wconf 85' lang='lat' dir='ltr'>confinem</span> <span class='ocrx_word' id='word_1_47' title='bbox 317 1187 351 1252; x_wconf 92' lang='lat' dir='ltr'>in</span> <span class='ocrx_word' id='word_1_48' title='bbox 376 1186 408 1254; x_wconf 85' lang='grc' dir='ltr'><em>Τ</em></span> <span class='ocrx_word' id='word_1_49' title='bbox 404 1189 524 1254; x_wconf 68' lang='lat' dir='ltr'>brocia</span> <span class='ocrx_word' id='word_1_50' title='bbox 545 1211 671 1275; x_wconf 90' lang='lat' dir='ltr'>ponere.</span> <span class='ocrx_word' id='word_1_51' title='bbox 717 1191 845 1276; x_wconf 84' lang='lat' dir='ltr'>Scripsit</span> <span class='ocrx_word' id='word_1_52' title='bbox 868 1190 968 1254; x_wconf 91' lang='lat' dir='ltr'>enim:</span> <span class='ocrx_word' id='word_1_53' title='bbox 1003 1190 1053 1266; x_wconf 83' lang='grc' dir='ltr'>Ὠς</span> <span class='ocrx_word' id='word_1_54' title='bbox 1080 1188 1143 1256; x_wconf 71' lang='lat' dir='ltr'>dno*</span> <span class='ocrx_word' id='word_1_55' title='bbox 1168 1194 1223 1275; x_wconf 77' lang='grc' dir='ltr'>τῆς</span> <span class='ocrx_word' id='word_1_56' title='bbox 1265 1253 1267 1258; x_wconf 86' lang='grc'><em>,</em></span> <span class='ocrx_word' id='word_1_57' title='bbox 1320 1206 1323 1212; x_wconf 89' lang='grc'><strong>’</strong></span> <span class='ocrx_word' id='word_1_58' title='bbox 1404 1177 1406 1182; x_wconf 13' lang='grc'><strong><em>1</em></strong></span> 
     </span>
    </p>
   </div>
   <div class='ocr_carea' id='block_1_4' title="bbox 96 1296 1298 2977">
    <p class='ocr_par' dir='ltr' id='par_1_4' title="bbox 96 1296 1298 2977">
     <span class='ocr_line' id='line_1_8' title="bbox 127 1296 1223 1391; baseline 0.003 -26"><span class='ocrx_word' id='word_1_59' title='bbox 127 1299 262 1376; x_wconf 84' lang='grc' dir='ltr'><strong><em>Ἰταλίας</em></strong></span> <span class='ocrx_word' id='word_1_60' title='bbox 292 1300 447 1388; x_wconf 68' lang='grc' dir='ltr'><strong><em>διαβολῶν</em></strong></span> <span class='ocrx_word' id='word_1_61' title='bbox 469 1306 512 1382; x_wconf 78' lang='grc' dir='ltr'>εἰς</span> <span class='ocrx_word' id='word_1_62' title='bbox 534 1301 590 1391; x_wconf 73' lang='grc' dir='ltr'>τήν</span> <span class='ocrx_word' id='word_1_63' title='bbox 612 1304 809 1371; x_wconf 75' lang='grc' dir='ltr'><strong><em>Μακεδονίαν</em></strong></span> <span class='ocrx_word' id='word_1_64' title='bbox 828 1306 879 1369; x_wconf 80' lang='grc' dir='ltr'>καί</span> <span class='ocrx_word' id='word_1_65' title='bbox 901 1302 1011 1388; x_wconf 63' lang='grc' dir='ltr'><strong><em>σχεδον</em></strong></span> <span class='ocrx_word' id='word_1_66' title='bbox 1031 1296 1106 1389; x_wconf 79' lang='grc' dir='ltr'><strong><em>ὅλην</em></strong></span> <span class='ocrx_word' id='word_1_67' title='bbox 1127 1300 1223 1388; x_wconf 67' lang='grc' dir='ltr'><strong><em>αὐτήν</em></strong></span> 
     </span>
     <span class='ocr_line' id='line_1_9' title="bbox 135 1398 1223 1504; baseline 0.002 -25"><span class='ocrx_word' id='word_1_68' title='bbox 135 1411 341 1501; x_wconf 76' lang='grc' dir='ltr'><em>ὁδοιπορήσας</em></span> <span class='ocrx_word' id='word_1_69' title='bbox 373 1417 408 1482; x_wconf 74' lang='grc' dir='ltr'>ἐν</span> <span class='ocrx_word' id='word_1_70' title='bbox 440 1417 601 1496; x_wconf 71' lang='grc' dir='ltr'><strong><em>Φιλίπποις</em></strong></span> <span class='ocrx_word' id='word_1_71' title='bbox 632 1413 774 1504; x_wconf 72' lang='grc' dir='ltr'>ἐγενόμην</span> <span class='ocrx_word' id='word_1_72' title='bbox 779 1467 790 1499; x_wconf 87' lang='lat'>,</span> <span class='ocrx_word' id='word_1_73' title='bbox 820 1411 897 1504; x_wconf 78' lang='grc' dir='ltr'>ἤπερ</span> <span class='ocrx_word' id='word_1_74' title='bbox 927 1419 1011 1484; x_wconf 78' lang='grc' dir='ltr'><strong><em>ἐστίν</em></strong></span> <span class='ocrx_word' id='word_1_75' title='bbox 1040 1398 1150 1502; x_wconf 82' lang='grc' dir='ltr'><strong><em>ὅμορος</em></strong></span> <span class='ocrx_word' id='word_1_76' title='bbox 1180 1419 1223 1504; x_wconf 81' lang='grc' dir='ltr'>τῇ</span> 
     </span>
     <span class='ocr_line' id='line_1_10' title="bbox 97 1525 1298 1620; baseline -0.003 -24"><span class='ocrx_word' id='word_1_77' title='bbox 97 1581 103 1596; x_wconf 97' lang='grc'><strong>.</strong></span> <span class='ocrx_word' id='word_1_78' title='bbox 134 1525 249 1620; x_wconf 61' lang='grc' dir='ltr'><em>Θρᾴκῃ</em></span> <span class='ocrx_word' id='word_1_79' title='bbox 275 1525 376 1609; x_wconf 79' lang='grc' dir='ltr'><strong><em>πόλις,</em></strong></span> <span class='ocrx_word' id='word_1_80' title='bbox 404 1530 545 1597; x_wconf 75' lang='grc' dir='ltr'>ἐντεῦθεν</span> <span class='ocrx_word' id='word_1_81' title='bbox 570 1531 622 1597; x_wconf 79' lang='grc' dir='ltr'><strong><em>ἕπλ</em></strong></span> <span class='ocrx_word' id='word_1_82' title='bbox 636 1529 699 1617; x_wconf 71' lang='grc' dir='ltr'>’τήν</span> <span class='ocrx_word' id='word_1_83' title='bbox 720 1531 847 1618; x_wconf 76' lang='grc' dir='ltr'><strong><em>πλησίον</em></strong></span> <span class='ocrx_word' id='word_1_84' title='bbox 865 1525 1028 1596; x_wconf 69' lang='grc' dir='ltr'><strong><em>θάλατταν</em></strong></span> <span class='ocrx_word' id='word_1_85' title='bbox 1047 1569 1087 1582; x_wconf 87' lang='grc'>--</span> <span class='ocrx_word' id='word_1_86' title='bbox 1108 1567 1148 1582; x_wconf 91' lang='lat'>-</span> <span class='ocrx_word' id='word_1_87' title='bbox 1167 1551 1223 1593; x_wconf 82' lang='grc' dir='ltr'>κο-</span> <span class='ocrx_word' id='word_1_88' title='bbox 1292 1603 1298 1612; x_wconf 30' lang='lat'>¹</span> 
     </span>
     <span class='ocr_line' id='line_1_11' title="bbox 133 1635 1223 1730; baseline -0.004 -24"><span class='ocrx_word' id='word_1_89' title='bbox 133 1640 274 1720; x_wconf 63' lang='lat' dir='ltr'>utente,</span> <span class='ocrx_word' id='word_1_90' title='bbox 305 1639 439 1708; x_wconf 72' lang='grc' dir='ltr'><strong><em>ἔπλευσα</em></strong></span> <span class='ocrx_word' id='word_1_91' title='bbox 452 1635 455 1642; x_wconf 61' lang='grc'>’</span> <span class='ocrx_word' id='word_1_92' title='bbox 468 1639 610 1728; x_wconf 78' lang='grc' dir='ltr'><strong><em>πρότερον</em></strong></span> <span class='ocrx_word' id='word_1_93' title='bbox 634 1643 692 1726; x_wconf 81' lang='grc' dir='ltr'>μὲν</span> <span class='ocrx_word' id='word_1_94' title='bbox 719 1646 761 1720; x_wconf 77' lang='grc' dir='ltr'>εἰς</span> <span class='ocrx_word' id='word_1_95' title='bbox 790 1637 894 1709; x_wconf 84' lang='grc' dir='ltr'><strong><em>Θοίσον</em></strong></span> <span class='ocrx_word' id='word_1_96' title='bbox 925 1651 986 1707; x_wconf 86' lang='lat' dir='ltr'>etc.</span> <span class='ocrx_word' id='word_1_97' title='bbox 1014 1637 1071 1730; x_wconf 84' lang='lat'>(3).</span> <span class='ocrx_word' id='word_1_98' title='bbox 1101 1639 1223 1722; x_wconf 62' lang='lat' dir='ltr'>,Quid-</span> 
     </span>
     <span class='ocr_line' id='line_1_12' title="bbox 104 1752 1223 1838; baseline -0.002 -20"><span class='ocrx_word' id='word_1_99' title='bbox 104 1752 212 1838; x_wconf 55' lang='lat' dir='ltr'>xquid</span> <span class='ocrx_word' id='word_1_100' title='bbox 244 1764 350 1818; x_wconf 90' lang='lat' dir='ltr'>autem</span> <span class='ocrx_word' id='word_1_101' title='bbox 378 1753 471 1819; x_wconf 86' lang='lat' dir='ltr'>huius</span> <span class='ocrx_word' id='word_1_102' title='bbox 500 1756 545 1820; x_wconf 91' lang='lat' dir='ltr'>rei</span> <span class='ocrx_word' id='word_1_103' title='bbox 567 1766 631 1832; x_wconf 87' lang='lat' dir='ltr'>est,</span> <span class='ocrx_word' id='word_1_104' title='bbox 668 1755 769 1821; x_wconf 83' lang='lat' dir='ltr'>effecit</span> <span class='ocrx_word' id='word_1_105' title='bbox 791 1777 977 1830; x_wconf 76' lang='lat' dir='ltr'>ornaturus,</span> <span class='ocrx_word' id='word_1_106' title='bbox 1013 1777 1030 1818; x_wconf 89' lang='lat' dir='ltr'>a</span> <span class='ocrx_word' id='word_1_107' title='bbox 1057 1773 1223 1817; x_wconf 79' lang='lat' dir='ltr'>veronon</span> 
     </span>
     <span class='ocr_line' id='line_1_13' title="bbox 134 1866 1223 1959; baseline -0.003 -27"><span class='ocrx_word' id='word_1_108' title='bbox 134 1866 292 1932; x_wconf 85' lang='lat' dir='ltr'>aberrasse</span> <span class='ocrx_word' id='word_1_109' title='bbox 321 1889 428 1934; x_wconf 81' lang='lat' dir='ltr'>noenu</span> <span class='ocrx_word' id='word_1_110' title='bbox 449 1867 628 1948; x_wconf 67' lang='lat' dir='ltr'>scribendo,</span> <span class='ocrx_word' id='word_1_111' title='bbox 651 1869 833 1958; x_wconf 78' lang='lat' dir='ltr'>Philippos</span> <span class='ocrx_word' id='word_1_112' title='bbox 848 1871 998 1959; x_wconf 76' lang='lat' dir='ltr'>primam</span> <span class='ocrx_word' id='word_1_113' title='bbox 1022 1887 1086 1932; x_wconf 87' lang='lat' dir='ltr'>esse</span> <span class='ocrx_word' id='word_1_114' title='bbox 1111 1866 1223 1930; x_wconf 90' lang='lat' dir='ltr'>urbem</span> 
     </span>
     <span class='ocr_line' id='line_1_14' title="bbox 134 1971 1276 2070; baseline -0.002 -25"><span class='ocrx_word' id='word_1_115' title='bbox 134 1979 369 2060; x_wconf 69' lang='lat' dir='ltr'>Macedoniae.</span> <span class='ocrx_word' id='word_1_116' title='bbox 415 1981 539 2047; x_wconf 81' lang='lat' dir='ltr'>Minoris</span> <span class='ocrx_word' id='word_1_117' title='bbox 561 1994 665 2049; x_wconf 87' lang='lat' dir='ltr'>tamen</span> <span class='ocrx_word' id='word_1_118' title='bbox 687 1981 847 2070; x_wconf 87' lang='lat' dir='ltr'>ponderis,</span> <span class='ocrx_word' id='word_1_119' title='bbox 871 1981 911 2047; x_wconf 85' lang='lat' dir='ltr'>nd</span> <span class='ocrx_word' id='word_1_120' title='bbox 933 1981 1015 2046; x_wconf 86' lang='lat' dir='ltr'>hano</span> <span class='ocrx_word' id='word_1_121' title='bbox 1036 1981 1223 2066; x_wconf 81' lang='lat' dir='ltr'>interprete·</span> <span class='ocrx_word' id='word_1_122' title='bbox 1274 1971 1276 1974; x_wconf 59' lang='grc'><strong>’</strong></span> 
     </span>
     <span class='ocr_line' id='line_1_15' title="bbox 133 2079 1223 2184; baseline -0.001 -26"><span class='ocrx_word' id='word_1_123' title='bbox 133 2095 253 2159; x_wconf 82' lang='lat' dir='ltr'>tionem</span> <span class='ocrx_word' id='word_1_124' title='bbox 286 2079 371 2161; x_wconf 75' lang='lat' dir='ltr'>vocis</span> <span class='ocrx_word' id='word_1_125' title='bbox 399 2091 505 2183; x_wconf 71' lang='grc' dir='ltr'><strong><em>πρώτη</em></strong></span> <span class='ocrx_word' id='word_1_126' title='bbox 529 2089 789 2182; x_wconf 85' lang='lat' dir='ltr'>confirmandam,</span> <span class='ocrx_word' id='word_1_127' title='bbox 818 2085 945 2161; x_wconf 76' lang='lat' dir='ltr'>roman</span> <span class='ocrx_word' id='word_1_128' title='bbox 972 2091 1019 2184; x_wconf 87' lang='lat'>(4)</span> <span class='ocrx_word' id='word_1_129' title='bbox 1054 2105 1085 2159; x_wconf 90' lang='lat' dir='ltr'>et</span> <span class='ocrx_word' id='word_1_130' title='bbox 1108 2115 1223 2158; x_wconf 75' lang='lat' dir='ltr'>erosn-</span> 
     </span>
     <span class='ocr_line' id='line_1_16' title="bbox 133 2189 1222 2308; baseline 0 -38"><span class='ocrx_word' id='word_1_131' title='bbox 133 2230 214 2308; x_wconf 49' lang='grc' dir='ltr'>ισοξ</span> <span class='ocrx_word' id='word_1_132' title='bbox 238 2206 284 2298; x_wconf 89' lang='lat'>(5)</span> <span class='ocrx_word' id='word_1_133' title='bbox 311 2189 404 2276; x_wconf 79' lang='lat' dir='ltr'>verba</span> <span class='ocrx_word' id='word_1_134' title='bbox 427 2220 515 2288; x_wconf 89' lang='lat' dir='ltr'>sunt,</span> <span class='ocrx_word' id='word_1_135' title='bbox 538 2209 579 2276; x_wconf 88' lang='lat' dir='ltr'>ab</span> <span class='ocrx_word' id='word_1_136' title='bbox 600 2233 638 2277; x_wconf 92' lang='lat' dir='ltr'>eo</span> <span class='ocrx_word' id='word_1_137' title='bbox 653 2210 766 2276; x_wconf 85' lang='lat' dir='ltr'>allata:</span> <span class='ocrx_word' id='word_1_138' title='bbox 792 2210 907 2297; x_wconf 88' lang='lat' dir='ltr'>quippe</span> <span class='ocrx_word' id='word_1_139' title='bbox 924 2207 1222 2296; x_wconf 83' lang='lat' dir='ltr'>quibuslooiillius,</span> 
     </span>
     <span class='ocr_line' id='line_1_17' title="bbox 131 2320 1223 2414; baseline -0.006 -25"><span class='ocrx_word' id='word_1_140' title='bbox 131 2323 224 2389; x_wconf 86' lang='lat' dir='ltr'>cuius</span> <span class='ocrx_word' id='word_1_141' title='bbox 254 2324 374 2388; x_wconf 89' lang='lat' dir='ltr'>ratione</span> <span class='ocrx_word' id='word_1_142' title='bbox 402 2320 506 2388; x_wconf 84' lang='lat' dir='ltr'>hahita</span> <span class='ocrx_word' id='word_1_143' title='bbox 536 2323 614 2389; x_wconf 85' lang='lat' dir='ltr'>alter</span> <span class='ocrx_word' id='word_1_144' title='bbox 642 2327 775 2414; x_wconf 82' lang='lat' dir='ltr'>primus</span> <span class='ocrx_word' id='word_1_145' title='bbox 804 2335 950 2399; x_wconf 84' lang='lat' dir='ltr'>vocatur,</span> <span class='ocrx_word' id='word_1_146' title='bbox 981 2343 1120 2408; x_wconf 82' lang='lat' dir='ltr'>expressa</span> <span class='ocrx_word' id='word_1_147' title='bbox 1142 2321 1223 2386; x_wconf 84' lang='lat' dir='ltr'>inest</span> 
     </span>
     <span class='ocr_line' id='line_1_18' title="bbox 132 2433 1275 2523; baseline -0.005 -21"><span class='ocrx_word' id='word_1_148' title='bbox 132 2437 269 2513; x_wconf 84' lang='lat' dir='ltr'>notatio,</span> <span class='ocrx_word' id='word_1_149' title='bbox 302 2435 384 2522; x_wconf 92' lang='lat' dir='ltr'>apud</span> <span class='ocrx_word' id='word_1_150' title='bbox 419 2459 524 2502; x_wconf 71' lang='lat' dir='ltr'>nacon</span> <span class='ocrx_word' id='word_1_151' title='bbox 560 2459 624 2501; x_wconf 90' lang='lat' dir='ltr'>non</span> <span class='ocrx_word' id='word_1_152' title='bbox 654 2435 848 2523; x_wconf 78' lang='lat' dir='ltr'>reperiunda.</span> <span class='ocrx_word' id='word_1_153' title='bbox 895 2434 957 2500; x_wconf 85' lang='lat' dir='ltr'>Sed</span> <span class='ocrx_word' id='word_1_154' title='bbox 989 2433 1064 2521; x_wconf 89' lang='lat' dir='ltr'>quid</span> <span class='ocrx_word' id='word_1_155' title='bbox 1094 2433 1220 2497; x_wconf 86' lang='lat' dir='ltr'>tandem</span> <span class='ocrx_word' id='word_1_156' title='bbox 1272 2456 1275 2464; x_wconf 51' lang='lat'>¹</span> 
     </span>
     <span class='ocr_line' id='line_1_19' title="bbox 130 2547 1220 2636; baseline -0.006 -22"><span class='ocrx_word' id='word_1_157' title='bbox 130 2549 311 2614; x_wconf 78' lang='lat' dir='ltr'>laboremus</span> <span class='ocrx_word' id='word_1_158' title='bbox 339 2550 373 2614; x_wconf 92' lang='lat' dir='ltr'>in</span> <span class='ocrx_word' id='word_1_159' title='bbox 403 2548 551 2636; x_wconf 82' lang='lat' dir='ltr'>exemplis</span> <span class='ocrx_word' id='word_1_160' title='bbox 586 2549 729 2614; x_wconf 86' lang='lat' dir='ltr'>orationis</span> <span class='ocrx_word' id='word_1_161' title='bbox 764 2549 870 2612; x_wconf 88' lang='lat' dir='ltr'>similis</span> <span class='ocrx_word' id='word_1_162' title='bbox 904 2547 1030 2612; x_wconf 81' lang='lat' dir='ltr'>aliunde</span> <span class='ocrx_word' id='word_1_163' title='bbox 1063 2567 1220 2634; x_wconf 85' lang='lat' dir='ltr'>quaereu-</span> 
     </span>
     <span class='ocr_line' id='line_1_20' title="bbox 130 2657 1221 2749; baseline -0.006 -23"><span class='ocrx_word' id='word_1_164' title='bbox 130 2662 206 2727; x_wconf 81' lang='lat' dir='ltr'>dis?</span> <span class='ocrx_word' id='word_1_165' title='bbox 263 2663 297 2726; x_wconf 90' lang='lat' dir='ltr'>Si</span> <span class='ocrx_word' id='word_1_166' title='bbox 328 2673 466 2734; x_wconf 88' lang='lat' dir='ltr'>mentem</span> <span class='ocrx_word' id='word_1_167' title='bbox 498 2661 685 2736; x_wconf 83' lang='lat' dir='ltr'>attendimus</span> <span class='ocrx_word' id='word_1_168' title='bbox 717 2661 756 2726; x_wconf 91' lang='lat' dir='ltr'>ad</span> <span class='ocrx_word' id='word_1_169' title='bbox 793 2659 1023 2749; x_wconf 75' lang='lat' dir='ltr'>praecedentia:</span> <span class='ocrx_word' id='word_1_170' title='bbox 1067 2657 1221 2745; x_wconf 73' lang='grc' dir='ltr'>ου’θυδρο.</span> 
     </span>
     <span class='ocr_line' id='line_1_21' title="bbox 96 2767 1220 2863; baseline -0.01 -19"><span class='ocrx_word' id='word_1_171' title='bbox 96 2767 101 2776; x_wconf 68' lang='grc'>’</span> <span class='ocrx_word' id='word_1_172' title='bbox 129 2775 275 2863; x_wconf 71' lang='grc' dir='ltr'><strong><em>μῆοαμεν</em></strong></span> <span class='ocrx_word' id='word_1_173' title='bbox 304 2778 347 2854; x_wconf 78' lang='grc' dir='ltr'>είς</span> <span class='ocrx_word' id='word_1_174' title='bbox 380 2773 551 2856; x_wconf 80' lang='grc' dir='ltr'><strong><em>Νοοίπολιν,</em></strong></span> <span class='ocrx_word' id='word_1_175' title='bbox 581 2774 699 2842; x_wconf 69' lang='grc' dir='ltr'><strong><em>ἐκεῖθέν</em></strong></span> <span class='ocrx_word' id='word_1_176' title='bbox 728 2801 762 2842; x_wconf 81' lang='grc' dir='ltr'>το</span> <span class='ocrx_word' id='word_1_177' title='bbox 794 2779 835 2854; x_wconf 80' lang='grc' dir='ltr'>εἰς</span> <span class='ocrx_word' id='word_1_178' title='bbox 864 2776 1052 2852; x_wconf 82' lang='grc' dir='ltr'><strong><em>Φιλίππους,</em></strong></span> <span class='ocrx_word' id='word_1_179' title='bbox 1085 2793 1133 2836; x_wconf 88' lang='lat' dir='ltr'>res</span> <span class='ocrx_word' id='word_1_180' title='bbox 1155 2772 1220 2856; x_wconf 87' lang='lat' dir='ltr'>ipso</span> 
     </span>
     <span class='ocr_line' id='line_1_22' title="bbox 130 2881 1221 2977; baseline -0.006 -23"><span class='ocrx_word' id='word_1_181' title='bbox 130 2889 290 2977; x_wconf 81' lang='lat' dir='ltr'>loquitur,</span> <span class='ocrx_word' id='word_1_182' title='bbox 325 2889 523 2975; x_wconf 84' lang='lat' dir='ltr'>sequentibus</span> <span class='ocrx_word' id='word_1_183' title='bbox 550 2881 616 2976; x_wconf 72' lang='grc' dir='ltr'><strong><em>ἥτις</em></strong></span> <span class='ocrx_word' id='word_1_184' title='bbox 640 2889 705 2956; x_wconf 72' lang='grc' dir='ltr'>ἐστὶ</span> <span class='ocrx_word' id='word_1_185' title='bbox 730 2887 837 2976; x_wconf 77' lang='grc' dir='ltr'><strong><em>προίνη</em></strong></span> <span class='ocrx_word' id='word_1_186' title='bbox 860 2899 919 2953; x_wconf 90' lang='lat' dir='ltr'>ete.</span> <span class='ocrx_word' id='word_1_187' title='bbox 944 2886 1124 2975; x_wconf 72' lang='lat' dir='ltr'>Philippos</span> <span class='ocrx_word' id='word_1_188' title='bbox 1153 2885 1221 2969; x_wconf 77' lang='lat' dir='ltr'>pri—</span> 
     </span>
    </p>
   </div>
   <div class='ocr_carea' id='block_1_5' title="bbox 130 2998 1328 3090">
    <p class='ocr_par' dir='ltr' id='par_1_5' title="bbox 130 2998 1328 3090">
     <span class='ocr_line' id='line_1_23' title="bbox 130 2998 1328 3090; baseline -0.007 -24"><span class='ocrx_word' id='word_1_189' title='bbox 130 3025 218 3067; x_wconf 87' lang='lat' dir='ltr'>mam</span> <span class='ocrx_word' id='word_1_190' title='bbox 248 3001 313 3068; x_wconf 87' lang='lat' dir='ltr'>diei</span> <span class='ocrx_word' id='word_1_191' title='bbox 337 3003 449 3067; x_wconf 89' lang='lat' dir='ltr'>urbem</span> <span class='ocrx_word' id='word_1_192' title='bbox 471 3001 548 3066; x_wconf 84' lang='lat' dir='ltr'>inde</span> <span class='ocrx_word' id='word_1_193' title='bbox 569 3026 592 3066; x_wconf 86' lang='lat' dir='ltr'>a</span> <span class='ocrx_word' id='word_1_194' title='bbox 619 2999 773 3090; x_wconf 81' lang='lat' dir='ltr'>Neapoli.</span> <span class='ocrx_word' id='word_1_195' title='bbox 819 3003 886 3067; x_wconf 89' lang='lat' dir='ltr'>lam</span> <span class='ocrx_word' id='word_1_196' title='bbox 908 2999 990 3066; x_wconf 85' lang='lat' dir='ltr'>hano</span> <span class='ocrx_word' id='word_1_197' title='bbox 1012 2999 1124 3088; x_wconf 90' lang='lat' dir='ltr'>urbem</span> <span class='ocrx_word' id='word_1_198' title='bbox 1146 2998 1219 3083; x_wconf 87' lang='lat' dir='ltr'>pri·</span> <span class='ocrx_word' id='word_1_199' title='bbox 1251 3007 1258 3014; x_wconf 86' lang='grc'><strong>“</strong></span> <span class='ocrx_word' id='word_1_200' title='bbox 1323 2998 1328 3011; x_wconf 89' lang='grc'><strong><em>’</em></strong></span> 
     </span>
    </p>
   </div>
   <div class='ocr_carea' id='block_1_6' title="bbox 127 3107 1236 3541">
    <p class='ocr_par' dir='ltr' id='par_1_6' title="bbox 130 3107 1236 3431">
     <span class='ocr_line' id='line_1_24' title="bbox 130 3107 1220 3205; baseline -0.007 -25"><span class='ocrx_word' id='word_1_201' title='bbox 130 3138 218 3181; x_wconf 84' lang='lat' dir='ltr'>ruam</span> <span class='ocrx_word' id='word_1_202' title='bbox 240 3115 303 3180; x_wconf 89' lang='lat' dir='ltr'>dici</span> <span class='ocrx_word' id='word_1_203' title='bbox 325 3119 479 3205; x_wconf 78' lang='lat' dir='ltr'>regionis</span> <span class='ocrx_word' id='word_1_204' title='bbox 500 3115 613 3196; x_wconf 79' lang='lat' dir='ltr'>illius,</span> <span class='ocrx_word' id='word_1_205' title='bbox 636 3137 721 3204; x_wconf 80' lang='lat' dir='ltr'>quoe</span> <span class='ocrx_word' id='word_1_206' title='bbox 735 3134 826 3204; x_wconf 84' lang='lat' dir='ltr'>pars</span> <span class='ocrx_word' id='word_1_207' title='bbox 852 3111 1073 3180; x_wconf 77' lang='lat' dir='ltr'>Macedoniae</span> <span class='ocrx_word' id='word_1_208' title='bbox 1091 3117 1160 3186; x_wconf 84' lang='lat' dir='ltr'>est,</span> <span class='ocrx_word' id='word_1_209' title='bbox 1188 3107 1220 3172; x_wconf 91' lang='lat' dir='ltr'>id</span> 
     </span>
     <span class='ocr_line' id='line_1_25' title="bbox 130 3219 1236 3317; baseline -0.004 -23"><span class='ocrx_word' id='word_1_210' title='bbox 130 3241 192 3306; x_wconf 87' lang='lat' dir='ltr'>est,</span> <span class='ocrx_word' id='word_1_211' title='bbox 220 3227 443 3295; x_wconf 79' lang='lat' dir='ltr'>Maeedmrioe</span> <span class='ocrx_word' id='word_1_212' title='bbox 463 3228 628 3304; x_wconf 74' lang='lat' dir='ltr'>adiectae,</span> <span class='ocrx_word' id='word_1_213' title='bbox 652 3229 855 3316; x_wconf 81' lang='lat' dir='ltr'>intelligimus</span> <span class='ocrx_word' id='word_1_214' title='bbox 878 3250 952 3294; x_wconf 89' lang='lat' dir='ltr'>eum</span> <span class='ocrx_word' id='word_1_215' title='bbox 975 3249 1011 3292; x_wconf 83' lang='lat' dir='ltr'>ex</span> <span class='ocrx_word' id='word_1_216' title='bbox 1036 3219 1236 3317; x_wconf 80' lang='lat' dir='ltr'>repetitione·</span> 
     </span>
     <span class='ocr_line' id='line_1_26' title="bbox 129 3339 1220 3431; baseline -0.004 -24.978"><span class='ocrx_word' id='word_1_217' title='bbox 129 3342 284 3420; x_wconf 72' lang='lat' dir='ltr'>Articuli,</span> <span class='ocrx_word' id='word_1_218' title='bbox 308 3353 377 3406; x_wconf 90' lang='lat' dir='ltr'>tum</span> <span class='ocrx_word' id='word_1_219' title='bbox 388 3363 423 3405; x_wconf 86' lang='lat' dir='ltr'>ex</span> <span class='ocrx_word' id='word_1_220' title='bbox 435 3364 494 3406; x_wconf 90' lang='lat' dir='ltr'>usu</span> <span class='ocrx_word' id='word_1_221' title='bbox 505 3363 588 3407; x_wconf 75' lang='lat' dir='ltr'>soors</span> <span class='ocrx_word' id='word_1_222' title='bbox 604 3339 795 3431; x_wconf 75' lang='grc' dir='ltr'>μερίδος(6).</span> <span class='ocrx_word' id='word_1_223' title='bbox 750 3344 932 3409; x_wconf 88' lang='lat' dir='ltr'>Utrum</span> <span class='ocrx_word' id='word_1_224' title='bbox 943 3353 1047 3406; x_wconf 83' lang='lat' dir='ltr'>autem</span> <span class='ocrx_word' id='word_1_225' title='bbox 1062 3361 1119 3404; x_wconf 79' lang='lat' dir='ltr'>vox</span> <span class='ocrx_word' id='word_1_226' title='bbox 1134 3361 1220 3404; x_wconf 87' lang='lat' dir='ltr'>oom-</span> 
     </span>
    </p>

    <p class='ocr_par' dir='ltr' id='par_1_7' title="bbox 127 3442 1219 3541">
     <span class='ocr_line' id='line_1_27' title="bbox 127 3442 1219 3541; baseline -0.002 -23"><span class='ocrx_word' id='word_1_227' title='bbox 127 3455 229 3540; x_wconf 87' lang='lat' dir='ltr'>posita</span> <span class='ocrx_word' id='word_1_228' title='bbox 253 3447 321 3540; x_wconf 78' lang='grc' dir='ltr'>ἥτις</span> <span class='ocrx_word' id='word_1_229' title='bbox 350 3451 428 3516; x_wconf 90' lang='lat' dir='ltr'>nihil</span> <span class='ocrx_word' id='word_1_230' title='bbox 451 3453 581 3538; x_wconf 84' lang='lat' dir='ltr'>arnplius</span> <span class='ocrx_word' id='word_1_231' title='bbox 603 3442 729 3518; x_wconf 88' lang='lat' dir='ltr'>denotet</span> <span class='ocrx_word' id='word_1_232' title='bbox 751 3475 846 3541; x_wconf 88' lang='lat' dir='ltr'>quam</span> <span class='ocrx_word' id='word_1_233' title='bbox 868 3448 1040 3540; x_wconf 83' lang='lat' dir='ltr'>srmplex</span> <span class='ocrx_word' id='word_1_234' title='bbox 1017 3482 1055 3540; x_wconf 82' lang='grc' dir='ltr'><em>η</em></span> <span class='ocrx_word' id='word_1_235' title='bbox 1080 3475 1120 3517; x_wconf 90' lang='lat' dir='ltr'>an</span> <span class='ocrx_word' id='word_1_236' title='bbox 1145 3474 1219 3516; x_wconf 89' lang='lat' dir='ltr'>vero</span> 
     </span>
    </p>
   </div>
   <div class='ocr_carea' id='block_1_7' title="bbox 127 3553 1370 3678">
    <p class='ocr_par' dir='ltr' id='par_1_8' title="bbox 127 3553 1370 3678">
     <span class='ocr_line' id='line_1_28' title="bbox 127 3553 1370 3678; baseline -0.006 -46"><span class='ocrx_word' id='word_1_237' title='bbox 127 3565 297 3678; x_wconf 81' lang='lat' dir='ltr'>significet,</span> <span class='ocrx_word' id='word_1_238' title='bbox 335 3566 540 3652; x_wconf 81' lang='lat' dir='ltr'>appellatione</span> <span class='ocrx_word' id='word_1_239' title='bbox 554 3553 693 3656; x_wconf 75' lang='lat' dir='ltr'>primae</span> <span class='ocrx_word' id='word_1_240' title='bbox 714 3567 809 3631; x_wconf 79' lang='lat' dir='ltr'>urbis</span> <span class='ocrx_word' id='word_1_241' title='bbox 835 3589 898 3632; x_wconf 94' lang='lat' dir='ltr'>non</span> <span class='ocrx_word' id='word_1_242' title='bbox 920 3567 1015 3632; x_wconf 89' lang='lat' dir='ltr'>tribui</span> <span class='ocrx_word' id='word_1_243' title='bbox 1037 3565 1217 3662; x_wconf 74' lang='lat' dir='ltr'>Philippis</span> <span class='ocrx_word' id='word_1_244' title='bbox 1333 3563 1334 3566; x_wconf 71' lang='grc'>’</span> <span class='ocrx_word' id='word_1_245' title='bbox 1363 3569 1370 3582; x_wconf 85' lang='grc'><strong>“</strong></span> 
     </span>
    </p>
   </div>
   <div class='ocr_carea' id='block_1_8' title="bbox 125 3721 387 3736">
    <p class='ocr_par' dir='ltr' id='par_1_9' title="bbox 125 3721 387 3736">
     <span class='ocr_line' id='line_1_29' title="bbox 125 3721 387 3736; baseline -0.011 0"><span class='ocrx_word' id='word_1_246' title='bbox 125 3721 387 3736; x_wconf 51' lang='lat' dir='ltr'>m</span> 
     </span>
    </p>
   </div>
   <div class='ocr_carea' id='block_1_9' title="bbox 122 3769 1220 4440">
    <p class='ocr_par' dir='ltr' id='par_1_10' title="bbox 161 3769 1047 3886">
     <span class='ocr_line' id='line_1_30' title="bbox 161 3769 1047 3886; baseline 0.006 -22"><span class='ocrx_word' id='word_1_247' title='bbox 161 3817 210 3883; x_wconf 82' lang='lat'>(1)</span> <span class='ocrx_word' id='word_1_248' title='bbox 227 3812 367 3882; x_wconf 78' lang='lat' dir='ltr'>Geopraplr.</span> <span class='ocrx_word' id='word_1_249' title='bbox 387 3813 439 3865; x_wconf 82' lang='lat' dir='ltr'>Lib.</span> <span class='ocrx_word' id='word_1_250' title='bbox 456 3815 505 3868; x_wconf 90' lang='lat'>111.</span> <span class='ocrx_word' id='word_1_251' title='bbox 527 3827 588 3882; x_wconf 75' lang='lat' dir='ltr'>rap..</span> <span class='ocrx_word' id='word_1_252' title='bbox 599 3818 641 3866; x_wconf 75' lang='grc'>13.</span> <span class='ocrx_word' id='word_1_253' title='bbox 699 3814 735 3885; x_wconf 75' lang='grc'>(2)</span> <span class='ocrx_word' id='word_1_254' title='bbox 754 3817 806 3869; x_wconf 78' lang='lat' dir='ltr'>Lib.</span> <span class='ocrx_word' id='word_1_255' title='bbox 822 3818 916 3868; x_wconf 81' lang='lat' dir='ltr'>xtvn.</span> <span class='ocrx_word' id='word_1_256' title='bbox 936 3837 987 3886; x_wconf 82' lang='lat' dir='ltr'>esp.</span> <span class='ocrx_word' id='word_1_257' title='bbox 1004 3769 1047 3869; x_wconf 64' lang='lat' dir='ltr'>ild.</span> 
     </span>
    </p>

    <p class='ocr_par' dir='ltr' id='par_1_11' title="bbox 123 3903 1216 4070">
     <span class='ocr_line' id='line_1_31' title="bbox 160 3903 1216 3977; baseline 0.002 -22"><span class='ocrx_word' id='word_1_258' title='bbox 160 3907 202 3976; x_wconf 77' lang='grc'>(3)</span> <span class='ocrx_word' id='word_1_259' title='bbox 221 3909 261 3956; x_wconf 86' lang='lat' dir='ltr'>De</span> <span class='ocrx_word' id='word_1_260' title='bbox 287 3908 373 3972; x_wconf 81' lang='lat' dir='ltr'>simpl.</span> <span class='ocrx_word' id='word_1_261' title='bbox 394 3907 488 3958; x_wconf 81' lang='lat' dir='ltr'>Medio.</span> <span class='ocrx_word' id='word_1_262' title='bbox 507 3915 646 3972; x_wconf 77' lang='lat' dir='ltr'>temperem.</span> <span class='ocrx_word' id='word_1_263' title='bbox 665 3917 690 3958; x_wconf 80' lang='lat' dir='ltr'>et</span> <span class='ocrx_word' id='word_1_264' title='bbox 710 3903 807 3974; x_wconf 63' lang='grc' dir='ltr'>’(οονίλ.</span> <span class='ocrx_word' id='word_1_265' title='bbox 832 3909 886 3960; x_wconf 81' lang='lat' dir='ltr'>lib.</span> <span class='ocrx_word' id='word_1_266' title='bbox 909 3911 950 3961; x_wconf 78' lang='lat' dir='ltr'>lx.</span> <span class='ocrx_word' id='word_1_267' title='bbox 974 3929 1025 3977; x_wconf 83' lang='lat' dir='ltr'>cap.</span> <span class='ocrx_word' id='word_1_268' title='bbox 1044 3915 1070 3964; x_wconf 67' lang='grc' dir='ltr'>θ.</span> <span class='ocrx_word' id='word_1_269' title='bbox 1086 3912 1140 3961; x_wconf 80' lang='lat' dir='ltr'>vot.</span> <span class='ocrx_word' id='word_1_270' title='bbox 1161 3911 1216 3959; x_wconf 82' lang='grc' dir='ltr'><strong><em>Χλλ.</em></strong></span> 
     </span>
     <span class='ocr_line' id='line_1_32' title="bbox 123 4003 841 4070; baseline -0.001 -19"><span class='ocrx_word' id='word_1_271' title='bbox 123 4003 322 4070; x_wconf 77' lang='lat' dir='ltr'>p.173.1ornt.</span> <span class='ocrx_word' id='word_1_272' title='bbox 835 4015 841 4026; x_wconf 90' lang='grc'><em>·</em></span> 
     </span>
    </p>

    <p class='ocr_par' dir='ltr' id='par_1_12' title="bbox 122 4091 1220 4259">
     <span class='ocr_line' id='line_1_33' title="bbox 162 4091 1220 4164; baseline 0.001 -21"><span class='ocrx_word' id='word_1_273' title='bbox 162 4093 204 4164; x_wconf 82' lang='grc'>(4)</span> <span class='ocrx_word' id='word_1_274' title='bbox 227 4094 325 4142; x_wconf 72' lang='lat' dir='ltr'>Porrus</span> <span class='ocrx_word' id='word_1_275' title='bbox 340 4091 451 4142; x_wconf 46' lang='lat' dir='ltr'>Qvoba</span> <span class='ocrx_word' id='word_1_276' title='bbox 443 4109 490 4144; x_wconf 83' lang='lat' dir='ltr'>nm</span> <span class='ocrx_word' id='word_1_277' title='bbox 512 4091 636 4160; x_wconf 72' lang='lat' dir='ltr'>descripsit</span> <span class='ocrx_word' id='word_1_278' title='bbox 663 4092 1053 4162; x_wconf 72' lang='lat' dir='ltr'>urnanu‚.4on0t.1³ntr.sn</span> <span class='ocrx_word' id='word_1_279' title='bbox 1072 4097 1105 4147; x_wconf 86' lang='lat' dir='ltr'>N.</span> <span class='ocrx_word' id='word_1_280' title='bbox 1138 4095 1166 4144; x_wconf 88' lang='lat' dir='ltr'>T.</span> <span class='ocrx_word' id='word_1_281' title='bbox 1189 4094 1220 4143; x_wconf 78' lang='lat' dir='ltr'>ed</span> 
     </span>
     <span class='ocr_line' id='line_1_34' title="bbox 122 4185 1142 4259; baseline 0 -23"><span class='ocrx_word' id='word_1_282' title='bbox 122 4187 151 4240; x_wconf 89' lang='grc' dir='ltr'>λι.</span> <span class='ocrx_word' id='word_1_283' title='bbox 165 4185 246 4237; x_wconf 81' lang='lat' dir='ltr'>Labi</span> <span class='ocrx_word' id='word_1_284' title='bbox 259 4194 284 4234; x_wconf 87' lang='lat' dir='ltr'>et</span> <span class='ocrx_word' id='word_1_285' title='bbox 297 4185 345 4236; x_wconf 87' lang='lat' dir='ltr'>looi</span> <span class='ocrx_word' id='word_1_286' title='bbox 360 4185 428 4236; x_wconf 80' lang='lat' dir='ltr'>allati</span> <span class='ocrx_word' id='word_1_287' title='bbox 445 4195 499 4235; x_wconf 83' lang='lat' dir='ltr'>sunt</span> <span class='ocrx_word' id='word_1_288' title='bbox 516 4199 646 4252; x_wconf 72' lang='lat' dir='ltr'>neronom,</span> <span class='ocrx_word' id='word_1_289' title='bbox 664 4187 706 4237; x_wconf 81' lang='lat' dir='ltr'>sed</span> <span class='ocrx_word' id='word_1_290' title='bbox 720 4185 783 4238; x_wconf 84' lang='lat' dir='ltr'>hand</span> <span class='ocrx_word' id='word_1_291' title='bbox 799 4193 895 4256; x_wconf 79' lang='lat' dir='ltr'>majoris</span> <span class='ocrx_word' id='word_1_292' title='bbox 911 4189 1009 4257; x_wconf 86' lang='lat' dir='ltr'>ponderi</span> <span class='ocrx_word' id='word_1_293' title='bbox 989 4205 1030 4236; x_wconf 85' lang='lat' dir='ltr'>ns</span> <span class='ocrx_word' id='word_1_294' title='bbox 1121 4229 1142 4259; x_wconf 28' lang='grc' dir='ltr'>Ι,</span> 
     </span>
    </p>

    <p class='ocr_par' dir='ltr' id='par_1_13' title="bbox 159 4255 1014 4346">
     <span class='ocr_line' id='line_1_35' title="bbox 159 4255 1014 4346; baseline -0.002 -18"><span class='ocrx_word' id='word_1_295' title='bbox 159 4276 276 4346; x_wconf 75' lang='lat' dir='ltr'>(o)1.i.b</span> <span class='ocrx_word' id='word_1_296' title='bbox 289 4277 314 4330; x_wconf 84' lang='grc' dir='ltr'>λ.</span> <span class='ocrx_word' id='word_1_297' title='bbox 338 4295 389 4346; x_wconf 81' lang='lat' dir='ltr'>cap.</span> <span class='ocrx_word' id='word_1_298' title='bbox 406 4279 434 4328; x_wconf 76' lang='grc'>3.</span> <span class='ocrx_word' id='word_1_299' title='bbox 453 4278 506 4328; x_wconf 87' lang='lat' dir='ltr'>Vol.</span> <span class='ocrx_word' id='word_1_300' title='bbox 524 4255 545 4332; x_wconf 86' lang='lat' dir='ltr'>i.</span> <span class='ocrx_word' id='word_1_301' title='bbox 566 4295 592 4346; x_wconf 94' lang='lat' dir='ltr'>p.</span> <span class='ocrx_word' id='word_1_302' title='bbox 610 4282 653 4329; x_wconf 68' lang='lat'>12.</span> <span class='ocrx_word' id='word_1_303' title='bbox 674 4280 719 4330; x_wconf 79' lang='lat' dir='ltr'>Ed.</span> <span class='ocrx_word' id='word_1_304' title='bbox 738 4294 843 4331; x_wconf 75' lang='lat' dir='ltr'>muetos.</span> <span class='ocrx_word' id='word_1_305' title='bbox 1011 4319 1014 4323; x_wconf 76' lang='grc'><strong><em>,</em></strong></span> 
     </span>
    </p>

    <p class='ocr_par' dir='ltr' id='par_1_14' title="bbox 162 4371 1206 4440">
     <span class='ocr_line' id='line_1_36' title="bbox 162 4371 1206 4440; baseline -0.001 -21"><span class='ocrx_word' id='word_1_306' title='bbox 162 4373 205 4440; x_wconf 83' lang='grc' dir='ltr'><strong><em>(λλ)</em></strong></span> <span class='ocrx_word' id='word_1_307' title='bbox 223 4372 261 4420; x_wconf 82' lang='lat' dir='ltr'>cl</span> <span class='ocrx_word' id='word_1_308' title='bbox 282 4373 332 4422; x_wconf 83' lang='lat' dir='ltr'>lot.</span> <span class='ocrx_word' id='word_1_309' title='bbox 353 4371 442 4420; x_wconf 69' lang='lat' dir='ltr'>Gnoso.</span> <span class='ocrx_word' id='word_1_310' title='bbox 461 4371 548 4422; x_wconf 77' lang='lat' dir='ltr'>Psalm.</span> <span class='ocrx_word' id='word_1_311' title='bbox 567 4375 600 4424; x_wconf 85' lang='lat' dir='ltr'>t:</span> <span class='ocrx_word' id='word_1_312' title='bbox 624 4375 663 4423; x_wconf 79' lang='lat'>18.</span> <span class='ocrx_word' id='word_1_313' title='bbox 687 4372 815 4425; x_wconf 65' lang='lat' dir='ltr'>lloretv:</span> <span class='ocrx_word' id='word_1_314' title='bbox 838 4372 1206 4432; x_wconf 69' lang='lat' dir='ltr'>2⁰.iten120or.Vl:l⁵.</span> 
     </span>
    </p>
   </div>
   <div class='ocr_carea' id='block_1_10' title="bbox 0 0 1432 5028">
    <p class='ocr_par' dir='ltr' id='par_1_15' title="bbox 0 0 1432 5028">
     <span class='ocr_line' id='line_1_37' title="bbox 0 0 1432 5028; baseline 0 4"><span class='ocrx_word' id='word_1_315' title='bbox 0 0 1432 5028; x_wconf 95' lang='lat' dir='ltr'> </span> 
     </span>
    </p>
   </div>
  </div>
 </body>
</html>
