2856 5028
612 417 788 464 rrrrnorros.
1219 399 1237 460 7

155 578 207 646 rld
231 580 463 648 Macedoniam
486 605 599 650 raucus
623 587 750 672 eiusque
770 586 855 664 'socii
871 583 925 673 (rs.
950 581 983 670 9)
1008 581 1158 648 Divinitue
1182 604 1245 646 ro·

157 697 221 761 eati
248 708 351 762 oraru:
380 697 443 762 iam
466 719 517 763 eos
539 699 572 764 in
595 701 754 786 regionem
777 722 808 764 se
831 696 994 764 contulisse
1017 706 1136 772 narrat,
1160 715 1241 783 quae

157 831 231 896 pare
255 809 490 891 Macedoniae,
522 833 711 902 quamquam
743 813 817 878 olim
849 834 913 876 non
934 811 1056 914 spisset,
1080 831 1166 876 nunc
1191 821 1240 875 ta·

157 945 233 988 men
255 923 342 992 esset.
386 926 502 994 Urbem
523 939 644 1004 antem,
668 927 723 990 ubi
745 948 870 992 easrsrr
900 924 1097 1011 praedicandi
1118 923 1242 990 initium

157 1039 271 1104 tacturi
307 1051 421 1118 essent,
455 1041 491 1106 iis
523 1041 637 1128 eligere
667 1041 811 1118 licuerat,
843 1039 896 1104 sed
917 1039 998 1104 bene
1021 1049 1052 1102 et
1071 1036 1242 1128 prudenter

156 1173 211 1218 eos
234 1152 362 1241 elegisse
384 1153 524 1220 ostendit.
569 1153 742 1243 neapolie
774 1153 976 1240 praetervecti
997 1163 1102 1229 erant,
1127 1151 1242 1246 quippe

158 1277 245 1332 extra
266 1267 443 1362 provinciae
464 1266 522 1332 sibi
544 1266 744 1352 demandatae
766 1267 842 1334 fines
858 1268 998 1354 positam.
1033 1265 1168 1330 Primam
1181 1265 1242 1329 in-

160 1391 315 1446 traverant
337 1379 556 1448 Macedoniae
578 1381 706 1464 urbem,
730 1403 841 1469 quam,
862 1383 903 1446 ab
918 1380 978 1448 bac
992 1377 1159 1446 Taraciae
1173 1400 1242 1464 pnr-

159 1504 191 1558 te
215 1491 278 1582 (rel
299 1516 318 1560 a
343 1492 503 1582 Thracio)
529 1495 700 1573 venientes,
715 1497 844 1578 ,intrare
866 1506 1025 1582 poterant,
1052 1494 1242 1582 Philippos.

157 1603 225 1674 Nec
246 1629 320 1676 vero
340 1611 474 1696 primam
495 1620 615 1676 tantum
630 1611 787 1698 elegerant
800 1611 912 1677 urbem
924 1610 1044 1697 sibique
1062 1607 1243 1695 proximam,

158 1722 215 1788 sed
237 1739 348 1789 causae
370 1739 496 1794 onmem
518 1724 650 1790 feliciter
672 1723 904 1812 propagandae,
929 1745 1002 1790 eum
1032 1723 1244 1788 Romanorum

160 1837 283 1902 colonia
303 1848 401 1920 esset,
427 1837 604 1907 celebritate
620 1860 674 1904 sua
689 1839 850 1926 insigniter
865 1838 957 1902 etiam
971 1836 1245 1904 accommodatam.

207 1951 274 2016 lam
295 1949 373 2016 haec
395 1951 470 2016 urbs
492 1949 705 2017 Macedoniae
725 1951 877 2030 adiectae,
898 1962 933 2016 ut
948 1952 1066 2016 tristem
1077 1950 1247 2038 posteritati

163 2064 331 2152 reliquerat
352 2065 535 2132 memoriam
551 2065 705 2132 'libertatis
728 2067 824 2130 civilis
846 2067 879 2130 in
902 2088 977 2156 agro
999 2065 1168 2132 subiacenti
1196 2086 1246 2128 er-

161 2179 309 2261 stinctam
340 2177 385 2243 sie
406 2179 487 2245 intra
509 2199 614 2260 muros
636 2199 707 2246 suos
728 2180 877 2246 libertatis
897 2180 1031 2246 melioris
1055 2190 1086 2243 ot
1108 2177 1247 2244 stabilio-

161 2293 205 2358 ris
227 2293 333 2358 breem
355 2285 459 2362 artem
479 2285 569 2372 vidit,
593 2313 674 2381 quae
696 2290 773 2359 bino
792 2312 884 2379 super
896 2293 1053 2378 Europam
1065 2292 1246 2368 exoriretur,

160 2419 197 2471 nt
221 2407 363 2471 tenebras
385 2406 555 2486 teterrimas
577 2409 707 2495 fugaret.
753 2405 840 2472 Duce
861 2407 957 2494 igitur
981 2405 1174 2470 Providentia
1190 2404 1247 2468 Dei

161 2543 279 2589 rannus
301 2520 486 2596 consociis
508 2519 570 2584 suis
592 2541 661 2584 eam
683 2519 817 2584 intrabat
841 2517 880 2583 ad
900 2519 1053 2591 civitatem
1073 2517 1247 2592 hominum,

162 2634 219 2722 qui
241 2633 375 2700 vinculis
397 2633 565 2698 vitiositatis
587 2632 717 2699 excussis
739 2631 778 2696 ad
805 2632 898 2696 vitam
923 2632 1085 2698 beatorum
1109 2629 1249 2718 adspira-

162 2759 249 2827 rent,
280 2767 417 2816 ormano
443 2737 637 2815 condendam
661 2742 719 2834 (l).
768 2747 839 2820 llec¹
859 2746 1019 2812 conatibus
1041 2755 1162 2832 optatus
1191 2743 1249 2810 dea

121 2895 126 2902 ·
159 2871 227 2926 erat
248 2881 416 2928 successus.
458 2860 604 2944 Quamvis
627 2861 712 2925 enim
734 2860 783 2924 rix
805 2859 871 2924 dies
891 2860 1010 2948 aliquot
1031 2860 1084 2925 hle
1107 2881 1249 2926 eommo-

125 3023 128 3027 .
159 2974 221 3038 rati
243 2983 346 3053 erant,
369 2984 486 3061 quum,
510 2992 607 3038 norae
629 2968 788 3039 doetrinae
804 2971 881 3037 odio
902 2973 1050 3040 inlorum
1064 2974 1158 3059 rapti,
1179 2994 1249 3038 ma-

163 3089 350 3176 gistratuum
378 3084 462 3152 iussu
484 3085 577 3176 virgis
601 3085 803 3152 caederentur
827 3087 1005 3176 carcerique
1027 3087 1247 3165 iniicerentur3

159 3201 342 3268 babuerunt
362 3212 472 3279 tamen¹
490 3211 521 3266 et
542 3201 687 3280 feminas,
712 3212 743 3266 et
764 3223 879 3278 mares,
899 3201 954 3288 qui
972 3189 1161 3288 rebaptisati
1176 3202 1247 3278 ritu,

159 3326 333 3402 praeeunte
353 3317 486 3382 maxime
506 3335 603 3382 erum
625 3313 862 3403 Thyatireoer',
878 3315 978 3380 Sacris
999 3313 1178 3380 Christianis
1190 3316 1248 3379 ini-

157 3425 281 3496 tiandos
302 3429 491 3516 praebebant
513 3425 572 3518 (2).
606 3419 769 3494 brutini
793 3446 953 3494 currerim
975 3427 1101 3514 publice
1121 3429 1248 3514 professi

158 3551 267 3621 erant,
301 3533 345 3610 sie
379 3533 533 3613 maldrum
565 3541 622 3608 sibi
657 3539 888 3607 imminentium
922 3552 1007 3606 metu
1030 3564 1062 3604 se
1085 3541 1249 3608 absterreri

157 3678 226 3722 non
255 3654 477 3743 patiebantur,.
502 3654 669 3744 quominus
701 3655 734 3720 in
768 3653 829 3736 fide
860 3655 1038 3743 interposita
1071 3677 1248 3744 persevera-

156 3778 233 3834 rent
255 3765 316 3858 (3).
361 3769 531 3836 Constituto
563 3767 640 3836 baec
668 3768 795 3836 societas
816 3779 864 3860 est
885 3789 967 3834 anno
989 3768 1248 3856 quinquagesimo

154 3881 299 3958 seeundo
329 3881 379 3946 rel
407 3882 498 3946 tertio
531 3903 620 3947 aerae
650 3882 792 3969 volgaris.
839 3883 987 3970 Quinque
1009 3883 1058 3947 rel
1082 3905 1132 3946 ser
1159 3880 1247 3945 annis

192 4171 234 4240 (Ι)
256 4175 310 4223 Act.
330 4172 399 4223 XVI:
420 4174 436 4222 0
457 4189 510 4242 sqq.

192 4262 233 4331 (b)
254 4262 316 4318 llrirl.
336 4263 381 4332 te,
402 4265 449 4329 83,
468 4267 509 4318 tn
535 4269 547 4318 l
568 4269 651 4318 l'lross.
670 4269 709 4318 11:
732 4271 756 4316 2.

192 4356 232 4426 (a)
252 4359 324 4409 noer
341 4330 371 4408 l:
388 4349 472 4410 e--ass
