2812 5032
376 395 508 460 candi
535 417 619 460 runs.
646 398 675 470 7,
705 399 737 471 8,
758 400 788 458 9.
902 399 905 410 ’
1061 405 1121 466 155

68 579 179 666 alienam
196 578 354 646 admittere
376 579 543 647 notionem.
578 579 672 644 Pleno
692 579 784 644 scribi
802 589 959 662 potuerat:
982 577 1122 656 dcvdroo

68 687 185 774 δὲλέγω
204 695 349 778 σταυροῦ,
379 691 463 779 quod
491 703 536 758 ast
564 692 661 760 scita
685 692 881 779 corrigentis:
910 695 1028 759 mortis
1047 715 1123 761 aero

67 798 126 866 dico
148 806 274 872 crocis:
310 804 364 868 sed
394 805 515 872 allectio
547 807 642 872 animi
675 805 858 872 breuitatem
887 803 1122 877 commendabat

67 913 171 982 Graecis
192 917 426 986 usitatissimam.

514 1099 600 1142 uras.
620 1081 651 1142 9.

97 1251 155 1318 lam
175 1274 239 1340 quo
260 1255 361 1322 acrius
380 1255 616 1344 Philippenses
634 1254 672 1320 ad
692 1251 822 1322 ouursrr
840 1255 1043 1322 imitationem
1065 1280 1120 1322 er·
1161 1278 1165 1289 ·

65 1361 190 1444 nitentur,
214 1389 331 1434 raucus
348 1367 498 1438 continuo
511 1367 545 1432 in
558 1367 689 1463 gloriam
708 1369 799 1453 plano
814 1368 1013 1454 singularem,
1025 1390 1120 1456 quam

62 1473 102 1540 'dle
119 1477 304 1552 obedientiae
325 1503 398 1551 suae
420 1503 511 1548 causa
529 1492 711 1547 consecutus
728 1492 788 1561 est,
810 1481 1048 1566 praedicandam
1065 1505 1121 1548 ex-
1204 1472 1208 1482 ’

62 1591 155 1656 currit:
176 1593 236 1662 Aac*
256 1597 307 1662 καὶ
326 1596 344 1662 ὁ
363 1594 441 1674 &adr
458 1593 551 1665 ariade
569 1591 767 1686 ὁπερῦψωσε,
785 1597 836 1664 καὶ
855 1596 1017 1684 ἐχαρίσατο
1037 1594 1122 1688 αὐτῷ

60 1699 187 1790 τόὅνομα
205 1709 242 1778 rd
262 1711 339 1798 ὑπὲρ
358 1716 421 1780 πᾶν
439 1701 545 1794 ὄνομα.
574 1710 626 1776 Sic
648 1710 732 1776 enim
751 1707 791 1776 ad
809 1709 961 1774 librorum
980 1720 1130 1776 veterum

58 1811 134 1882 fidem
151 1843 224 1888 cum
243 1845 473 1904 onrrsraouro,
488 1845 685 1890 murmuro
701 1823 831 1911 aliisque
846 1822 1044 1888 scribendum
1057 1845 1121 1890 esse

58 1927 171 2011 videtur,
199 1947 235 2002 ut
261 1936 328 2002 voci
346 1931 443 2020 ὄνομα
463 1939 640 2005 restituatur
666 1935 839 2017 Articulus,
864 1958 960 2023 quem
977 1936 1016 2002 ab
1035 1938 1121 2002 anti-

57 2043 193 2126 quohaud
212 2071 331 2136 paucos
348 2049 482 2116 omisisse
494 2062 582 2136 puto,
598 2050 660 2116 sivo
671 2049 755 2138 quod
773 2073 846 2116 eum
857 2045 1120 2137 supervacaneum

56 2149 200 2240 haberent,
234 2185 291 2228 seu
324 2142 429 2238 crroia
459 2164 622 2258 oculorum
649 2173 685 2246 xat
715 2163 919 2229 festinatione.
964 2163 1143 2228 Particula.

54 2266 107 2349 dd,
131 2296 149 2340 a
176 2248 242 2362 quio
262 2275 373 2362 incipit
393 2278 507 2356 oratio,
530 2279 623 2344 multi
644 2276 771 2366 quidem
790 2277 878 2344 abusi
898 2277 1026 2344 suntad
1045 2299 1119 2343 con·

53 2382 241 2469 tondendum,
266 2411 428 2460 cunrsrott
449 2391 507 2456 sibi
524 2391 627 2476 ipsum
645 2392 775 2480 gloriam
796 2413 884 2456 stram
901 2391 1117 2476 promeruisse;

51 2494 93 2560 ted
109 2499 183 2568 absit
202 2513 327 2582 tamen,
351 2515 388 2570 ut
407 2527 475 2572 eam
495 2505 661 2570 causalem
680 2505 785 2570 dicere
804 2515 835 2570 et
851 2503 1047 2590 interpretari
1065 2480 1136 2568 ves
1203 2527 1205 2531 ·

51 2627 155 2678 reamur
169 2623 374 2705 propterea,
394 2639 489 2705 quam
511 2619 670 2692 notionem
689 2619 717 2683 ei
734 2630 803 2704 post
820 2618 896 2683 alios
915 2629 1000 2684 recte
1017 2615 1117 2683 vindi-

51 2736 142 2790 carunt
161 2750 289 2796 muros
309 2742 341 2796 et
361 2753 556 2800 urusrunos.
602 2733 770 2819 Sequentia
787 2731 838 2801 aci
855 2732 874 2798 ὁ
894 2726 988 2811 atila,
1016 2734 1117 2796 etiam

48 2829 139 2920 Deua,
167 2843 191 2906 si
224 2845 406 2930 exponimus
418 2869 487 2935 pro
507 2869 571 2912 suc
582 2855 688 2936 porte
705 2845 812 2924 Deus,
833 2844 1046 2932 intelligitur„
1059 2867 1117 2914 vo-

49 2967 104 3014 cem
121 2957 174 3021 καί
190 2979 258 3025 uon
280 2956 470 3036 redundare,
494 2959 547 3026 sed
561 2959 709 3026 inservire
728 2959 767 3025 ad
781 2958 958 3026 Antithesin
972 2979 1116 3025 cousum-

47 3065 187 3143 mandam.
198 3115 201 3119 -
213 3069 357 3140 Verbum
376 3083 481 3141 autom
500 3073 704 3160 compositum
725 3069 909 3158 ὁπερῦψωσε
929 3082 965 3135 ιιι
974 3071 1118 3158 plerique

44 3162 236 3269 interpretes,
269 3205 409 3260 curonur
426 3182 485 3275 (1)
504 3188 581 3252 1ίειηι
607 3195 792 3274 praeeunte,
816 3206 834 3248 a
854 3183 989 3270 simplici
1007 3183 1117 3250 distin·

45 3307 156 3377 terunt3
189 3298 235 3364 sic
257 3298 395 3366 subiecta
414 3297 452 3372 at
470 3292 567 3384 drapo
585 3298 621 3368 τὰ
638 3299 716 3388 ὑπέρ
743 3307 803 3364 cet.
829 3295 960 3374 docent,
989 3319 1116 3365 riorum

44 3399 132 3472 dicere
154 3411 252 3476 velle:
277 3434 348 3474 eum
368 3433 474 3501 supra
494 3433 602 3475 omues
625 3413 720 3476 alica
732 3413 853 3478 evexit.

78 3517 157 3588 Haec
179 3545 250 3588 rnsu
271 3524 369 3611 gloria
388 3545 542 3610 quaenam
560 3525 615 3603 sit,
638 3535 747 3589 auctor
764 3524 798 3587 in
821 3524 918 3588 altero
936 3519 1028 3586 huius
1047 3543 1121 3587 rar-⁴

42 3649 83 3694 sus
101 3637 246 3700 membro
263 3617 421 3722 'explicare
438 3637 548 3724 incipit
566 3637 731 3723 praemissa
750 3611 906 3701 Par-'ricula
927 3635 994 3714 xci,
1015 3656 1114 3722 quae,

41 3755 69 3806 ut
95 3749 126 3814 in
158 3750 247 3815 omni
274 3757 416 3816 sermono
442 3749 599 3829 humano,
634 3750 739 3816 sicin
769 3749 878 3815 Literis
908 3747 1008 3816 Sacris
1040 3747 1115 3814 duas

40 3875 118 3945 saepe
149 3863 310 3930 connectit
339 3865 519 3941 sententias,
550 3885 684 3951 quarum
717 3862 755 3928 ad
788 3863 926 3948 priorem
957 3849 1115 3947 explican-

41 4033 293 4056 ”mu-...u-

62 4145 96 4214 (l)
114 4152 179 4217 opp.
198 4153 262 4202 'lona
281 4155 313 4209 ll.
331 4173 356 4222 p.
374 4158 426 4208 ΜΒ
445 4157 471 4206 Ε.
491 4151 623 4202 Verborum
638 4153 741 4217 copiam,
765 4169 865 4218 quorum
883 4153 932 4199 vinr
952 4118 1024 4215 auget
1040 4150 1113 4200 Prac-

33 4240 109 4296 Positio
127 4241 215 4312 dulc,
234 4251 347 4310 congessit
364 4225 510 4316 ¹vocrtsrrttt²
533 4245 664 4297 Animata.
683 4227 707 4309 p.
728 4246 771 4296 dl.
808 4245 844 4296 lta
862 4254 887 4292 et
904 4241 1010 4292 Verbum
1024 4241 1113 4340 dasq-

34 4333 99 4387 tudo
119 4338 220 4386 Psalm.
236 4338 325 4388 xcvt:
345 4342 369 4390 9.
