2808 5032
399 381 466 427 ιιι.
489 362 544 428 m.
568 340 652 426 vais.
680 366 737 440 rs,
765 346 833 427 19.x
1082 361 1145 431 257

66 545 151 637 qnod
175 523 448 635 Philippensibus
469 566 558 634 saepe
577 566 683 615 coram
702 549 793 626 dixit,
816 570 902 612 nnnc
925 549 1080 633 repetiisse
1103 552 1148 614 vi-

67 663 162 727 detur
189 661 392 747 lacrymans,
413 662 560 750 quoniam
594 673 712 748 pestem
743 663 777 726 in
801 662 863 726 dies
881 661 1005 749 longius
1025 684 1148 748 serpere

67 775 190 839 videbat
211 773 367 860 rebusque
385 773 560 840 Christianis
580 797 708 840 nocere:
732 775 816 838 unde
836 785 939 838 tamen
959 795 1023 838 non
1047 776 1151 861 seqrris

49 899 134 964 tur,
169 888 385 974 contagionem
413 889 447 952 in
472 887 552 974 ipsos
572 888 635 953 iam
659 887 838 976 Philippos
857 899 1048 972 penetrasse,
1075 909 1147 954 cum
1190 889 1196 906 '

66 999 119 1066 has
141 1001 293 1087 lacrymas
315 999 510 1066 effunderet*
613 1029 617 1034 ·

529 1227 614 1271 ruas.
642 1208 692 1297 19·

109 1340 170 1406 Hic
201 1342 280 1419 iam,
313 1351 348 1406 ut
371 1363 474 1406 nsrms
494 1341 552 1420 ait,
576 1365 691 1407 rannus
713 1341 830 1428 explet,
854 1341 937 1428 quod
958 1341 1021 1406 buc
1050 1359 1149 1430 nsque

19 1475 23 1486 ·
65 1455 178 1518 mansit
207 1455 398 1539 suspensum.
443 1453 639 1519 Adversarios
666 1477 780 1540 nempe
808 1457 909 1520 crucis
935 1455 1063 1521 cuarsrr
1085 1457 1150 1522 de-

65 1568 172 1634 scribit
190 1567 250 1645 ita‚
273 1577 308 1632 ut
327 1567 491 1632 clarissime
508 1579 670 1652 appareat,
692 1585 765 1632 enm
785 1569 971 1656 significasse
989 1569 1148 1650 homines,

64 1681 137 1769 qui,
163 1680 302 1768 quamvis
328 1699 489 1745 onursruu
507 1680 742 1765 profiterentur,
772 1681 850 1746 nihil
869 1682 953 1747 aliud
973 1683 1031 1748 sibi
1050 1705 1150 1771 quae-

65 1805 187 1871 rerent,
221 1815 314 1878 quam
344 1794 514 1878 voluptates
534 1789 680 1880 corporis,
724 1794 775 1858 ‘Ab
795 1811 832 1858 eo
854 1795 980 1880 incipit,
1004 1797 1148 1884 quovita

63 1909 178 1974 borum
197 1907 363 1971 lurconum
381 1906 494 1972 tendit:
519 1901 563 1975 oin
582 1908 618 1974 ni
636 1907 721 1985 τέλος
739 1905 891 1988 innitere,
912 1933 1052 1997 quorum
1059 1910 1158 1996 finis·

64 2032 115 2088 est
132 2023 324 2112 pernicies,
352 2021 382 2085 id
406 2026 472 2084 est:
496 2025 557 2108 qui.
585 2021 648 2087 leco
667 2043 708 2086 en
737 2025 806 2087 oitc
826 2031 981 2089 exeuntes
1001 2027 1036 2088 in
1054 2047 1146 2113 per-

43 2137 183 2202 *niciam
205 2135 356 2222 cadunt„
382 2135 460 2198 Nam
474 2132 557 2198 'locis
579 2134 729 2198 similibus
750 2135 925 2204 BomVI:
950 2141 1003 2202 21.
1024 2142 1043 2202 2
1069 2137 1147 2206 Cor.

31 2309 34 2313 .
63 2251 124 2315 XI:
152 2253 204 2314 15.
237 2247 342 2313 Hebr.
366 2247 428 2315 Vl:
460 2253 491 2314 8.
531 2251 546 2310 1
575 2247 649 2312 Pet.
685 2249 743 2315 IV:
773 2252 812 2311 17
833 2245 880 2337 (1)
909 2251 1066 2335 responsio
1085 2253 1147 2316 iam
1224 2273 1227 2280 ·

63 2364 145 2426 inest
176 2359 215 2426 ad
248 2361 476 2448 quaestionem,
509 2360 549 2424 ab
570 2381 776 2426 narnarnnsro
799 2363 1003 2448 propositam,
1022 2386 1062 2428 an
1086 2365 1167 2428 for-¹

64 2476 153 2541 mula
177 2497 239 2540 non
260 2476 404 2562 explicari
422 2475 533 2561 possit:
550 2447 687 2562 querulis
710 2477 881 2539 consilinm
897 2484 946 2539 est
967 2499 1034 2540 rem
1052 2477 1150 2544 Cleri·

64 2593 212 2656 stianom
242 2589 422 2654 destrucre.
446 2587 528 2652 „Sed
559 2597 717 2673 praeterea
749 2589 994 2674 interpretationi
1024 2591 1071 2654 illi
1101 2615 1152 2656 re*r

62 2706 203 2792 fragatur
224 2703 374 2790 loquendi
398 2725 486 2780 usus,
511 2723 574 2788 quo
596 2723 652 2765 ror
672 2698 806 2768 ἀπώλεια
825 2685 1052 2788 saepissimam
1064 2705 1152 2770 Novo

63 2821 278 2894 Testamento,
302 2814 392 2882 etiam
408 2837 588 2912 supra‘cap.
610 2793 721 2893 1:28,
741 2820 897 2881 miseram
912 2827 993 2906 post
1015 2827 1150 2882 mortem

64 2931 295 3012 conditionem,
311 2953 466 3017 nusquam
479 2931 625 3013 alienius
640 2933 694 2994 rei
705 2929 956 2996 destructionem
974 2923 1108 3010 denotat,
1120 2943 1154 2996 et·
1260 3009 1264 3016 ‚

63 3047 162 3132 ipsius
191 3046 333 3134 orationis
361 3055 597 3132 argumentum,
613 3055 653 3109 'et
673 3045 845 3130 oppositum
871 3045 1006 3132 denique
1030 3049 1153 3134 σωτῆρα
1210 3089 1211 3093 =

63 3183 157 3226 versu
189 3160 339 3246 sequenti.
391 3159 464 3222 Iure
493 3157 590 3245 igitur
617 3157 794 3244 meritoque
823 3157 900 3223 baec
928 3157 1153 3244 interpretandi

67 3275 146 3339 ratio
165 3297 183 3338 a
205 3279 442 3349 sarruniaco,
459 3291 652 3336 narraresro
673 3278 704 3334 et
725 3291 884 3336 suncanto
897 3271 960 3334 iam
979 3264 1154 3356 improbata

65 3399 121 3454 est.
168 3386 257 3457 Voci,
274 3395 379 3450 autem
410 3382 495 3456 τέλος
526 3405 584 3448 cur
612 3385 773 3448 notionem
807 3383 941 3447 tribuam
959 3383 1066 3468 finis,
1089 3407 1154 3450 non

64 3524 140 3566 tero
176 3500 354 3576 mercedis,
387 3519 477 3563 causa
509 3496 647 3564 cernitur
677 3496 711 3562 in
739 3479 828 3560 rersu
857 3497 1071 3582 praecedenti,
1098 3499 1154 3579 ubi

64 3627 176 3680 auctor
203 3612 307 3688 Verbo
335 3614 529 3696 περιπατοῦσι
559 3608 793 3678 similitudinem
821 3631 994 3696 proponere
1019 3612 1152 3698 incepit,

66 3749 165 3816 quarn
193 3725 246 3792 htc
273 3730 453 3812 persecutus
471 3747 537 3788 csse
558 3723 694 3802 videtur,
716 3735 752 3786 ut
769 3723 861 3788 etiarn
880 3727 1001 3790 monuit
1021 3749 1150 3793 eremos.
1255 3737 1258 3741 '

63 3844 134 3906 Iam
162 3839 386 3927 turpitudinem
417 3836 513 3914 ritae,
549 3853 612 3923 qua
642 3836 715 3901 fidei
745 3835 932 3904 Christianae
955 3841 1154 3906 simulatores

63 3955 213 4020 miseram
228 3953 285 4016 sibi
304 3963 418 4016 sortem
435 3947 639 4026 contrahunt,
653 3949 817 4034 Apostolus
833 3951 965 4016 ostendit
974 3953 1154 4021 scribendo:

62 4059 111 4136 ὧν
129 4068 148 4134 o‘
169 4066 244 4145 Θιὸς
263 4066 285 4153 ἦ
304 4065 417 4144 κοιλία,
446 4066 506 4152 qni
526 4069 670 4127 ventrem
700 4063 821 4129 habent·
843 4074 999 4152 tanquam
1032 4063 1153 4150 Deum,-

102 4303 146 4375 (1)
159 4305 205 4356 cn.
222 4323 283 4374 quae
302 4323 330 4356 ar
348 4307 490 4356 Graecorum
507 4304 600 4370 seriptis
616 4299 700 4352 attulit
716 4313 831 4348 arnamar
850 4299 879 4349 ad
897 4299 950 4349 1ι.1.

971 4397 1007 4456 λλ
