2812 5032
267 375 328 435 100
609 389 676 432 cas.
700 367 725 432 l.
749 382 834 432 vens.
860 371 912 444 23,
937 371 989 431 24.

260 557 326 618 lam
342 555 500 640 sequeutia
515 557 565 620 καὶ
583 551 639 620 cdv
654 557 780 645 Χριστῷ
791 551 864 620 εἶναι
881 553 1054 640 siguificare
1068 564 1099 620 et
1115 577 1185 620 eum
1200 577 1325 622 csnrsru

260 669 433 747 versandi,
459 688 586 734 monere
608 691 671 732 uon
690 689 766 753 opus
788 679 840 734 ost.
875 670 924 760 ¹llt
941 668 1017 732 haec
1035 667 1098 730 duo
1117 667 1263 734 ἀναλῦσαι
1279 668 1323 733 sol
1398 655 1399 734 l

259 781 317 846 mlv
336 785 462 874 Χριστῷ
479 779 552 848 εἶναι
572 792 656 847 arete
679 781 891 848 connectenda
911 803 990 860 esse,
1011 792 1046 846 ut
1064 802 1168 845 sensus
1188 779 1322 866 prodeat:

168 983 170 986 Ι
258 893 334 958 ltine
359 895 547 983 megrcnde',
573 903 611 958 ut
634 917 705 960 eum
725 888 861 972 euasero
879 885 941 958 sain
960 893 1008 958 vel
1027 915 1156 971 verser,
1175 893 1323 958 nemeta-

258 1005 318 1069 cile
336 1027 450 1093 negare
467 1007 589 1092 poterit.
635 1007 696 1072 Sed
720 1007 798 1074 illud
817 1003 930 1100 πολλῷ1
939 1013 1058 1091 μᾶλλον
1077 1011 1225 1096 missor,
1247 1004 1324 1092 quod

258 1139 338 1183 nexu
364 1141 436 1184 eum
464 1121 599 1185 oratione
626 1121 823 1186 circumiecta
848 1131 947 1198 earet,
976 1141 1099 1198 vereor,
1125 1131 1161 1184 ut
1183 1119 1249 1188 VV.
1264 1118 1323 1182 Dll.

255 1232 295 1297 ab
311 1232 404 1297 *omni
428 1244 515 1318 parte
533 1233 747 1312 intellexerint.
792 1235 861 1299 Nou
880 1234 961 1324 enirn
980 1227 1169 1300 ratiocinatio
1187 1243 1241 1298 aut
1257 1253 1322 1318 pro-

254 1343 337 1410 batio
361 1343 513 1430 quaedam
536 1347 711 1434 argumenti
736 1357 796 1423 est,
822 1347 875 1411 sed
893 1346 1025 1432 pectoris
1042 1346 1160 1412 abitum
1178 1343 1218 1410 ad
1235 1365 1322 1410 cunr·

252 1475 332 1520 srusr
351 1454 521 1522 anhelantis
539 1457 719 1544 suspirium,
740 1458 825 1545 quali
843 1478 898 1524 nos
916 1457 1055 1524 homines
1074 1479 1178 1545 saepe,
1197 1458 1322 1544 loqueu-

225 1655 227 1659 .
254 1584 297 1636 tes
315 1572 364 1635 vel
382 1569 563 1648 scribentes,
584 1569 752 1636 orationem
770 1570 924 1657 paulisper
937 1571 1155 1657 intercipimus.
1183 1570 1322 1636 Neseiens

252 1694 355 1748 autem
378 1683 558 1769 Apostolus,
578 1681 733 1770 quomodo
749 1704 874 1748 sensum
892 1705 982 1750 suum
1000 1683 1039 1748 ad
1059 1685 1104 1748 rei
1122 1683 1322 1749 desiderabilis

250 1795 431 1882 dignitatem
459 1795 616 1873 effaretur,
643 1795 888 1880 Comparativum
912 1795 1122 1882 Comparatiro
1147 1795 1321 1862 cumularit.

250 1910 337 1974 Hanc
363 1909 446 1972 enim
471 1907 619 1974 sermonis
643 1906 816 2000 ubertatem
843 1905 1203 1997 (Pleonasmumrrulgo
1226 1905 1319 1995 siunt)

251 2021 402 2086 veteribus
417 2020 599 2088 lmuiliarem
616 2019 724 2098 fnisse,
742 2031 867 2105 apparet
883 2042 919 2086 ex
934 2021 1009 2086 locis
1023 2043 1042 2087 a
1055 2043 1242 2089 wursrarro
1251 2043 1320 2086 con-

250 2123 356 2221 gestis:
383 2119 436 2198 s'ed
461 2135 516 2220 qui
540 2133 623 2201 locos
641 2135 709 2228 illos
728 2134 892 2223 diligenter
910 2135 1098 2213 lustraverit,
1118 2133 1249 2212 videbit,
1269 2156 1319 2198 au-

246 2257 347 2312 ctores
364 2249 550 2334 plerumque
567 2247 610 2314 ita
628 2247 796 2334 scripsisse,
814 2248 839 2312 si
853 2257 906 2312 aut
920 2246 978 2332 ipsi
991 2247 1025 2312 in
1040 2246 1215 2334 gravissima
1228 2246 1317 2311 animi

247 2362 456 2427 commotione
488 2373 602 2440 essent,
638 2372 691 2427 eut
718 2361 793 2427 alios
819 2361 907 2428 valde
935 2351 1103 2426 commotos
1129 2360 1317 2426 inducerent.

245 2476 348 2562 Atque
361 2474 433 2540 ‘hoc
457 2472 612 2562 quomodo
637 2475 671 2540 in
696 2497 788 2540 raom
814 2475 983 2541 orationem
1006 2473 1110 2552 eadat,
1131 2474 1257 2539 semime
1273 2473 1318 2537 ri-
1382 2563 1384 2568 Ι

238 2586 359 2652 dentur
377 2589 580 2673 Interpretes‚
601 2587 657 2673 qui
675 2609 748 2666 cunr
766 2577 842 2653 suas
860 2587 1038 2653 iudicabant
1055 2587 1187 2652 alterum
1205 2591 1319 2670 μᾶλλον

247 2719 310 2762 non
329 2699 394 2763 sine
411 2697 555 2783 Emphasi
572 2699 661 2764 alteri
679 2693 814 2786 κρεῖσσον
831 2687 1032 2784 praemissum
1050 2719 1122 2762 esse.
1141 2693 1187 2785 (1)
1212 2697 1318 2760 Dicere

246 2811 341 2897 igitur
367 2811 434 2874 vult
458 2821 582 2876 auctor:
611 2809 646 2876 *0
671 2833 768 2899 quam
797 2813 894 2900 longe
919 2813 1039 2916 mels'ps
1064 2819 1098 2876 et
1127 2811 1317 2901 optadr'ls'us,

246 2921 377 3000 scilicet,
399 2927 647 3016 commoratione
664 2927 700 2987 in
718 2925 781 2988 hae
797 2926 869 2988 cita
887 2927 1054 2989 terrestri.

289 3035 431 3121 Exposita
449 3057 555 3114 causa,
576 3057 642 3114 cur,
662 3037 800 3122 quamvis
818 3034 876 3100 sibi
894 3053 931 3100 ex
950 3035 1241 3127 commorationem
1261 3035 1316 3100 hae

147 3186 151 3191 ·
234 3149 305 3214 rrita
323 3149 456 3212 multum
477 3147 568 3214 etiam
586 3149 659 3214 boni
678 3171 800 3240 sperare
817 3148 926 3236 possit,
942 3150 1203 3236 utrinquetamen
1215 3160 1315 3214 tenea-

233 3272 311 3339 ·tur,
338 3261 481 3350 editoque
501 3263 653 3350 suspirio,¹
666 3262 749 3349 quod
768 3263 847 3329 ritae
865 3261 1000 3327 melioris
1018 3261 1177 3328 adeundae
1195 3261 1317 3328 ariditas

139 3448 141 3455 Α
176 3431 181 3440 ,
231 3397 281 3438 er
305 3388 431 3460 pectore
455 3378 612 3466 exigebat,
631 3401 753 3454 paruus
776 3375 820 3441 sie
844 3376 960 3464 pergit:
991 3377 1039 3442 Td
1060 3377 1096 3443 δὲ
1120 3375 1266 3460 ἐπιμένω
1283 3377 1316 3442 ἓν

230 3491 284 3578 ’τῇ
310 3490 397 3574 σαρκὶ
419 3485 643 3578 ἀναγκαιότερον
666 3489 705 3556 δι’
724 3489 813 3573 ὑμᾶς.
853 3489 1016 3581 Continent
1040 3486 1132 3567 haee,
1158 3489 1184 3552 si
1208 3488 1315 3554 distin-

231 3598 380 3662 ‘ctionem
405 3599 563 3686 sequimur
582 3601 729 3668 Editionis
748 3612 903 3688 receptae,
923 3587 941 3666 a
964 3623 1174 3692 emrspsouro
1188 3589 1314 3688 aliisque

242 3834 314 3886 Recte
337 3843 416 3884 antem
439 3851 488 3884 earn
509 3825 625 3900 improbat
648 3847 744 3900 nutum
766 3834 806 3884 sed
823 3837 899 3885 minos
915 3846 978 3886 reete
995 3838 1044 3903 ipse
1062 3834 1160 3886 verbum
1178 3835 1256 3886 reddit
1272 3836 1313 3882 leet
1382 3823 1387 3838 ⁸

138 3946 140 3955 ,
241 3927 383 3978 eutlinden.
419 3925 492 3975 lmmo
510 3942 553 3993 pro
571 3926 665 3991 vulgato
682 3926 869 4003 substituendum
881 3938 925 3976 est
942 3946 972 3994 op
987 3939 1012 3978 te
1030 3931 1134 3992 breden,
1152 3928 1235 3996 quod,
1246 3937 1310 3992 tropo

237 4018 344 4081 sublato,
362 4017 426 4067 idem
443 4016 542 4066 dicitas
560 4017 661 4068 formula
678 4020 835 4072 discederes
853 4037 966 4088 corpore,
985 4039 1044 4090 quse
1058 4019 1309 4072 vtcrcuuoiamaliis·
1393 4081 1395 4090 Ι

240 4127 286 4176 qne
302 4111 406 4178 antiquis
424 4108 521 4178 placuit.

272 4201 310 4268 (1)
327 4202 493 4253 vehementem
511 4217 626 4253 excemurn
642 4203 780 4266 significari,
795 4183 877 4254 monet
895 4205 923 4256 V.
932 4205 959 4254 ll.
979 4205 1002 4255 in
1021 4208 1085 4258 Noe.
1105 4209 1172 4258 Tacts
1188 4207 1260 4272 Volp.
1273 4201 1307 4253 Cf·
1398 4191 1399 4204 ¹

233 4305 264 4342 et
281 4307 391 4344 rusum
409 4293 437 4344 sd
455 4294 478 4343 h.
497 4294 514 4343 l.
