2808 5032
439 385 508 432 eor.
528 366 581 434 lV.
602 387 687 434 vers.
710 372 741 432 3.
887 367 890 384 '
1063 376 1132 436 271*

64 549 187 637 Apostoli
215 561 351 617 mentem
381 551 474 619 iuis'se
501 573 627 618 censeo:
663 553 829 642 opitulare
861 576 914 632 eo,
947 556 979 620 id
1007 570 1067 636 est,
1091 571 1130 624 nt

62 663 159 730 eodem
180 663 290 728 studio
305 653 490 730 ‚dueentem
537 665 622 747 Quid
640 666 721 732 inter
742 664 879 752 Simplex
895 674 930 735 eit
947 679 977 733 et
998 669 1128 757 Compo-

63 778 146 845 situm
163 781 266 856 niente
284 777 362 846 mihi
381 777 529 844 interesse
549 780 704 864 videntur,
730 781 838 845 monui
861 803 954 867 supra
976 781 1037 873 (1).
1069 785 1128 852 Ce-

61 902 117 956 tera
144 889 202 960 huo
226 891 260 956 in
282 892 419 960 oratione
443 913 475 956 se
502 892 568 978 ipsu
589 892 753 977 explicent.
800 893 880 960 Sunt
904 896 1051 980 quidem,
1075 899 1131 985 qni

58 1015 210 1088 propterea
241 1005 326 1092 quod
354 1028 469 1072 rennos
501 1009 516 1070 1
545 1006 620 1074 Cor.
652 1007 742 1075 XIV:
774 1011 829 1072 34.
865 1011 880 1070 1
910 1007 995 1076 Tim.
1015 1012 1061 1077 II:
1090 1017 1130 1080 12

58 1119 190 1186 mulieres
213 1116 327 1186 dooere
345 1121 459 1198 vetuit,
480 1121 585 1188 Verbo
604 1118 805 1208 συνήθλησαν
824 1120 991 1208 significari
1007 1136 1130 1192 tmtnm
1227 1183 1232 1202 „

56 1243 156 1314 putent
175 1235 271 1300 mala
293 1242 437 1323 propter
454 1219 615 1300 emtionis
639 1237 792 1301 tolerata.
839 1236 902 1300 Sed
923 1238 985 1303 loei
999 1238 1047 1304 itti
1061 1261 1131 1304 mn·

56 1345 170 1413 teribus
195 1348 313 1414 unuin
333 1349 483 1414 concione
502 1349 661 1414 silentium
686 1348 870 1434 imponunt,
894 1372 998 1436 neque
1020 1352 1058 1417 iis
1076 1353 1130 1416 in-

54 1458 214 1540 terdicunt,
237 1460 406 1547 quominus
430 1461 530 1540 atthis
545 1461 637 1528 etiam
659 1461 815 1538 docendo,
839 1484 906 1527 rem
928 1462 1146 1532 Christianam·

53 1584 145 1658 egent.
196 1574 260 1640 Hie
293 1585 398 1640 eutem
429 1575 572 1640 laborem
607 1561 641 1639 ei
665 1573 754 1668 qnasi
786 1583 952 1640 certamen
977 1577 1129 1657 indieeri,

51 1683 143 1768 ipsum
168 1687 275 1776 arguit
295 1688 437 1756 Verbum
457 1689 638 1768 συναθλὲω,
660 1687 776 1773 quippe
797 1687 957 1754 notionem
976 1713 1041 1756 non
1064 1689 1129 1758 ha-

49 1798 117 1866 bens
144 1801 320 1880 Passerem,
352 1801 406 1866 sed
432 1802 584 1868 Aetivern.
629 1803 668 1867 Et
691 1802 731 1868 ed
759 1825 879 1897 operae
910 1803 1131 1890 cogitationem

51 1911 187 1980 ducimur
215 1914 346 1983 ndieetis
366 1922 399 1984 ie
420 1921 467 2006 τῷ
488 1915 663 2007 εὐαγγελίῳ,
695 1939 776 2004 quae
797 1914 870 1982 enm
892 1917 1130 1984 suornm-aeci-

49 2025 153 2109 piendu
176 2052 246 2095 non
275 2041 366 2108 sunt,
389 2052 426 2095 ue
449 2030 473 2094 si
499 2021 686 2115 Praepositio
709 2033 744 2097 ἓν
762 2031 907 2096 Dutivnm
929 2031 1055 2122 denotet
1075 2043 1131 2098 ent

50 2144 205 2210 conveniet
233 2143 362 2244 Latinae
379 2152 544 2233 prepter:
565 2143 634 2222 sed,
654 2154 690 2208 nt
710 2145 873 2230 perspicue
895 2146 985 2211 docet
1004 2166 1129 2230 eompu-

49 2255 117 2322 ratio
146 2258 221 2344 Gop.
258 2257 290 2322 I:
318 2260 396 2350 27,Ι
409 2257 689 2344 breviloquentiam
716 2258 877 2322 continent
905 2258 949 2323 ite
978 2260 1131 2343 supplen-

48 2365 129 2436 dum:
161 2373 200 2436 in
226 2370 420 2460 lineetgelii
443 2370 493 2434 vel
507 2369 688 2435 doetrinae
719 2369 936 2439 Christianae
949 2393 1133 2462 propagn-

49 2486 150 2551 tione:
172 2485 265 2574 quod
286 2466 508 2552 snrenrmoios
525 2483 641 2571 aliique
664 2495 865 2550 monuerunt.

84 2599 150 2666 Iam
178 2623 257 2666 vero
286 2600 354 2688 quis
387 2599 481 2664 inerit
508 2597 578 2676 ille,
610 2618 705 2684 quem
733 2599 851 2664 inuios
881 2593 1131 2686 verbie‘ZiCnye

45 2709 141 2800 priore
171 2714 306 2781 ndvoeat
328 2713 368 2778 ad
397 2699 579 2778 mulieribus
607 2713 840 2798 opitulandum,
864 2713 1003 2801 quaestio
1026 2725 1072 2778 est
1091 2714 1131 2779 ab

45 2825 270 2914 interpretibus
296 2826 380 2892 hand
400 2824 507 2912 pennis
526 2847 641 2913 magno
667 2827 844 2891 animorum
865 2828 986 2892 fervore
1006 2827 1131 2915 agitata.

48 2936 196 3008 Uxorem
215 2963 312 3030 unum
332 2939 518 3028 significari,
540 2941 602 3005 iem
617 2941 744 3008 Veteres
763 2941 992 3006 contenderunt
1011 2961 1131 3005 memo-

43 3053 95 3116 rati
118 3078 137 3120 a
159 3077 417 3134 contemnente,
437 3053 602 3120 recentiori
623 3065 723 3120 aetate
743 3055 894 3140 imprimis
913 3077 1063 3133 emenus,
1079 3055 1132 3120 eni

40 3180 159 3249 praeter
176 3171 251 3240 VV.
271 3170 337 3237 ΠΙ).
360 3188 610 3243 annntnwnnoo
626 3167 793 3260 indimtos,
816 3169 975 3234 caleulum
1000 3167 1130 3235 adiece-

41 3293 111 3345 runt
132 3305 364 3351 snrenrmorus
387 3295 418 3348 et
438 3303 593 3348 umectus.
640 3280 701 3346 Sed
720 3279 904 3367 Apostolum
928 3282 963 3346 in
985 3281 1132 3369 coningio

38 3393 161 3483 exies,
188 3419 255 3464 nee
277 3397 427 3464 traditum
443 3395 531 3460 nohis
550 3405 595 3458 est
613 3393 653 3459 ab
672 3393 850 3460 auctoribus
870 3394 932 3460 fide
956 3394 1059 3484 dignis
1070 3393 1130 3485 (2),

35 3559 301 3576 fi-——n--u—-n-

67 3655 103 3724 (1)
121 3657 235 3708 Introit.
253 3673 280 3723 p·
298 3657 324 3707 0.
341 3656 387 3716 dii.
405 3673 456 3724 eep.
474 3658 505 3708 Ie
519 3659 566 3706 ι28.
583 3657 620 3706 ΙΙι
640 3657 684 3705 20.

65 3748 103 3817 (2)
123 3751 202 3800 cere.
220 3749 546 3817 nt.seoe.tn.1tt.p.
564 3750 625 3800 535.
644 3751 711 3800 euius
726 3747 800 3800 verbu
816 3748 904 3815 pertint
922 3747 1044 3816 descripsit
1053 3759 1131 3798 nosne.

32 3842 82 3896 titi.
100 3845 151 3898 111.
172 3864 230 3912 esp.
251 3847 301 3912 20,
325 3845 455 3912 Παῦλος,
469 3847 519 3912 nit,
547 3844 596 3897 ein
615 3846 692 3898 ὀκνεῖ
708 3843 737 3894 in
755 3862 811 3896 nint
828 3843 958 3911 ἐπιστολῇ
971 3848 1025 3911 τὴν
1043 3839 1131 3892 αὐτοῦ

30 3939 265 4008 προσαγορεύειν
288 3938 433 4006 Hippon,
457 3941 492 4004 ἣν
517 3938 548 3988 οὐ
566 3938 777 4008 pronuntiare,
802 3940 849 3990 διὰ
866 3937 898 3988 τ’ὸ
915 3943 964 4003 τῆς
981 3936 1133 4002 ὑπηρεσίας

32 4032 178 4092 εὐσταλές.
220 4031 339 4082 contudit
356 4034 430 4097 igitur
448 4048 500 4080 cunr
517 4029 561 4080 hoc
578 4032 629 4080 loeo
647 4031 764 4096 atterum,
785 4041 809 4080 et
827 4029 922 4097 quidem
941 4031 954 4077 1
976 4026 1131 4092 onemo,
1215 4083 1217 4088 Ι

28 4129 144 4178 continno
169 4124 203 4176 ub
234 4142 264 4174 ee
287 4127 425 4174 excitatum.
458 4125 564 4190 Utroque
581 4133 660 4173 autem
679 4124 739 4176 mule
757 4120 933 4189 interpretando
950 4121 978 4168 in
997 4121 1133 4185 opinionem
1226 4143 1231 4150 ·

28 4219 143 4270 inductos
164 4228 222 4284 est,
242 4229 333 4269 rinnon
350 4234 447 4269 uxorem
464 4215 580 4269 habuisse.
599 4216 665 4280 Quod
680 4234 733 4269 enm
751 4229 876 4276 ortonnes,
890 4216 979 4266 Conni.
991 4215 1020 4263 tn
1034 4215 1088 4280 Ep.
1099 4214 1135 4262 od
1156 4235 1158 4242 >

28 4313 100 4364 Rem.
129 4315 203 4364 rom.
225 4311 271 4362 tv,
294 4326 320 4375 p.
340 4311 406 4376 not,
433 4311 499 4375 462,
523 4308 635 4375 quosdam
653 4309 790 4373 affirmasse,
805 4307 866 4361 elios
879 4321 974 4370 negasse
993 4304 1086 4369 tradet,
1104 4325 1133 4358 ex
