2818 5032
235 383 298 444 322
537 448 540 467 ¹
608 397 676 440 ese.
700 375 753 443 lV.
777 397 863 440 suns.
890 379 941 443 18.

232 543 317 650 ποροῖ
338 559 558 649 Ἐπαφροδίτου
582 559 623 628 τοὶ
641 559 712 647 παρ’
734 561 841 644 ipsis:
868 557 989 650 opttus
1009 563 1155 650 repletus
1173 585 1245 630 sum
1258 589 1305 632 oe·

232 679 360 766 ebriens
389 675 430 738 ab
457 673 700 756 ururnuooruo,
727 695 811 760 quoe
838 698 862 738 α
890 673 977 738 vobis
1003 677 1109 740 missa
1127 684 1214 744 runt.
1259 679 1306 744 Sic

233 813 296 856 non
315 788 425 854 eodem
443 785 582 874 congerit
600 787 791 873 synonyme,
815 786 884 866 sed,
905 797 940 852 ut
959 798 1045 852 reete
1062 799 1130 874 post
1149 789 1224 855 alios
1241 813 1304 855 mo

233 911 287 966 net
316 921 544 978 usrrnrssros,
578 891 790 985 gradationem
816 901 907 978 lucit,
939 901 1054 966 minori
1083 902 1182 968 maius
1210 904 1306 970 subii-

126 993 128 998 ·
233 1015 327 1080 ciens.
373 1013 430 1079 Cui
458 1013 627 1080 sententiae
655 1026 840 1102 argumento
858 1035 985 1108 quoque
1004 1024 1064 1094 est,
1088 1017 1174 1102 quod
1191 1017 1310 1084 Verbo-

233 1151 303 1194 rum
330 1124 494 1215 περισσεύω
524 1137 556 1192 et
581 1125 782 1213 πεπλήρωμαι
811 1131 944 1196 alterum
970 1151 1026 1215 per
1052 1130 1240 1196 Pertieulem
1262 1133 1315 1196 zui

233 1263 306 1308 cunt
335 1241 471 1308 oratione
494 1239 692 1326 praecedenti
714 1253 799 1308 erote
820 1263 996 1308 connexum
1015 1255 1076 1321 est,
1098 1245 1232 1310 alterum
1250 1267 1311 1308 non

232 1357 317 1420 item.
363 1354 507 1420 Ceterum
530 1351 691 1418 dissimiles
719 1366 791 1420 sunt
809 1355 870 1422 loni
892 1361 912 1422 2
935 1355 1161 1425 cor.v11:4.
1186 1359 1207 1422 2
1229 1355 1312 1422 Tim.

231 1471 264 1534 l:
288 1474 326 1547 t,
357 1465 442 1532 unde
463 1465 590 1553 collegit
617 1488 926 1554 prorsum-sununs
954 1469 1112 1536 reticuisse
1129 1469 1313 1536 vocabulum

130 1619 132 1624 ·
231 1577 415 1670 παρακλήσει
443 1580 492 1646 sel
518 1583 631 1666 χαρᾶςε
658 1600 732 1645 uem
749 1581 838 1646 aliter
861 1583 927 1668 ipse
944 1593 1052 1648 auctor
1070 1594 1210 1648 mentem
1228 1602 1314 1646 suem

233 1696 382 1781 explieat,
422 1715 495 1762 oum
528 1691 634 1760 Verbo
672 1689 872 1780 πεπλήρωμαι
903 1693 1026 1766 adiiciet
1062 1689 1226 1778 δοξάμευος
1256 1704 1314 1758 oet.

231 1809 347 1890 Quanti
384 1818 488 1874 eutem
525 1805 578 1870 ille
607 1806 688 1872 dona
706 1808 824 1874 ,lecerit
852 1829 871 1872 e
899 1807 1171 1897 Philippensibus
1205 1807 1315 1883 misse,

232 1918 399 1986 ostendunt
429 1919 589 2005 sequentia
610 1915 710 2002 ὀσμὴν
738 1917 884 1996 εὐωδίας,
913 1918 1029 1984 θυσίαν
1058 1915 1185 2005 inertie,
1214 1915 1317 2003 εὐαίρε-

231 2059 303 2102 στου
325 2037 370 2124 τῷ
391 2032 477 2122 &egis
505 2030 640 2110 ¹odorem
666 2032 861 2107 enotatas,
895 2027 1097 2116 sacrifitium
1127 2039 1315 2119 aeeepstum,

169 2175 176 2191 =
232 2149 307 2212 bene
324 2147 471 2236 pleneus.
486 2142 567 2210 Deo.
612 2145 672 2210 Per
696 2143 928 2230 Appositiouem
957 2141 1034 2208 haee
1058 2143 1318 2227 praecedentibus

233 2261 380 2326 adiuncta
397 2270 486 2336 sunt,
510 2257 595 2344 quod
615 2257 718 2320 minus
733 2255 1015 2342 enunedvertenmt
1026 2277 1272 2323 sunnosusrun
1288 2267 1318 2319 et

232 2397 326 2451 unns,
359 2393 496 2460 quorum
523 2371 602 2436 elter
628 2369 846 2454 interpretetus
870 2379 915 2432 est
936 2371 973 2432 in
993 2368 1124 2434 odorem
1148 2380 1208 2436 oet.
1239 2369 1319 2434 ulter

234 2487 333 2552 odore
353 2497 411 2552 eet.
457 2483 622 2550 Continent
639 2480 825 2569 imaginem,
846 2502 941 2566 quam
964 2503 1081 2546 nunnus
1102 2481 1232 2548 erebus
1252 2483 1318 2546 Se-

234 2601 294 2666 eris
312 2600 524 2682 Hebraeorum
542 2595 646 2682 petiit,
669 2594 781 2660 dooere
803 2594 924 2670 voleus,
943 2593 1133 2689 beuefioium
1152 2593 1211 2658 sibi
1226 2616 1319 2679 pree-

235 2714 342 2780 stitum
363 2735 399 2776 eo
420 2713 491 2776 loeo
512 2728 707 2793 numeroque
725 2703 904 2770 habendum
923 2701 1004 2784 esse,
1030 2717 1065 2772 ut
1087 2719 1320 2793 compararetur

235 2848 309 2891 eum
336 2824 424 2890 donis
451 2824 515 2888 Deo
547 2820 655 2886 oblatis
686 2819 777 2905 eique
806 2818 984 2907 gmtissimis
1007 2816 1070 2907 (1)
1116 2820 1183 2884 lieo
1213 2831 1319 2885 autem

234 2938 398 3027 preeoonio
426 2936 642 3005 liberalitatem
672 2931 958 3020 Philippensium,
987 2942 1021 2994 ut
1044 2930 1106 2998 iem
1125 2933 1244 2998 notent
1266 2957 1320 2998 on-

237 3075 369 3130 moros,
393 3073 457 3116 nou
477 3055 723 3134 prosecutusest
743 3053 869 3129 propter
887 3043 989 3128 ipsum
1007 3043 1102 3122 illud,
1121 3045 1207 3130 quod
1226 3043 1321 3110 dede·

238 3178 322 3246 rant,
354 3163 407 3229 sed
442 3161 536 3228 enimi
563 3161 628 3226 Deo
662 3152 861 3244 ennrsuoqne'
892 3155 988 3222 dediti
1016 3167 1047 3223 et
1077 3157 1180 3224 devoti
1211 3181 1321 3236 caum,

238 3301 334 3368 quem
354 3289 441 3343 erent
462 3273 622 3340 testificati.
669 3274 776 3340 Unum,
799 3279 953 3356 superest,
976 3269 1062 3356 quod
1080 3271 1189 3358 quaeri
1208 3273 1320 3356 possit:

239 3405 345 3478 utrum
374 3389 524 3456 voeabula
551 3392 597 3479 τῷ
616 3389 694 3480 Θεῷἱ
715 3383 876 3449 referende
898 3383 959 3448 sint
979 3382 1019 3448 ed
1038 3381 1231 3448 Adiectivum
1250 3380 1323 3452 sii-

240 3529 361 3595 ρεστον,
382 3526 422 3570 nn
445 3502 484 3567 ed
505 3511 601 3566 totam
620 3493 919 3582 senteutieme'opriv
941 3506 999 3562 oet.
1045 3496 1111 3562 Iam
1133 3495 1237 3581 primo
1253 3495 1323 3582 qui-

178 3603 181 3613 *
242 3618 315 3684 dem
346 3616 492 3702 adspectu
527 3609 733 3678 dubitandum
762 3631 827 3674 non
862 3607 998 3687 videtur,
1033 3608 1111 3695 quin
1142 3607 1217 3676 huic
1241 3607 1324 3674 illud

118 3739 123 3752 ⁴
242 3731 336 3819 louge
365 3738 513 3816 praestet3
547 3724 602 3792 sed
634 3745 668 3788 re
692 3721 827 3810 penitius
849 3723 1002 3808 explorate
1021 3723 1156 3823 alterum
1177 3745 1216 3820 se·
1231 3722 1323 3787 nobis

242 3844 362 3930 probet.
407 3839 563 3908 Nimirum
589 3839 660 3924 plus
680 3837 776 3902 semel
795 3838 982 3904 voeebulum
1002 3835 1158 3926 εὐάρεστος
1175 3837 1242 3902 siue
1261 3837 1324 3902 Ile-

245 3956 306 4020 uvo
339 3955 397 4020 sier
425 3952 563 4018 subrecto
596 3951 728 4039 legitur,
758 3949 805 4014 uo
826 3949 921 4018 nom.
950 3951 1027 4016 xu:
1054 3953 1087 4018 2.
1125 3933 1191 4018 ne.
1220 3949 1272 4018 n:
1306 3953 1325 4014 o

247 4081 277 4133 et
297 4067 470 4134 seeundum
495 4063 670 4130 Editionem
697 4083 916 4141 emmerami,
945 4062 1014 4132 cot.
1038 4062 1327 4134 111:2o:nimi1i-

282 4304 319 4372 (t)
337 4305 382 4355 eff.
401 4285 517 4356 otenel
536 4308 606 4356 Rom.
621 4303 680 4353 llllr
699 4305 726 4353 1.
744 4303 814 4370 Epir.
831 4303 868 4353 Vs
886 4301 904 4350 2
921 4309 946 4350 et
962 4313 1104 4352 reuersurus
1122 4298 1151 4377 erl
1166 4297 1193 4350 h.
1211 4297 1229 4348 l.
