2808 5032
551 421 554 426 .
664 385 731 428 oto.
756 365 809 432 tv.
834 387 918 430 vrrs.
945 371 976 430 3.

746 620 833 663 vrns.
860 601 890 662 3.

324 775 383 842 Via
411 773 507 860 igitur
532 785 563 838 et
585 763 703 842 ratione
723 775 865 859 procedit
890 776 1003 854 oratio,
1032 799 1051 842 o
1073 775 1227 842 Porticuln
1243 773 1292 842 sot
1305 775 1347 839 in·

280 886 414 972 cipiens,
446 909 527 972 quoe
553 886 741 954 obsecrantis
769 899 814 954 est
843 899 874 954 et
901 911 975 955 cum
1008 889 1150 976 sequenti
1181 889 1347 974 Imperotiro

282 999 518 1086 coniungenda,
551 1012 587 1064 ut
613 1000 691 1066 boec
717 1002 755 1066 sit
775 1001 947 1068 distinctio:
980 1005 1064 1083 Nol,
1093 1005 1200 1089 ἐρωτῶ
1231 1003 1282 1066 καὶ
1307 1000 1348 1079 σὲ,

281 1111 399 1198 §ridere
426 1110 526 1198 γνήσιε
532 1161 542 1192 ,
567 1110 785 1198 συλλαμβάνω
809 1113 931 1196 αὐταῖς,
956 1120 1061 1192 αἵτινες
1082 1116 1116 1180 ἐν
1138 1119 1185 1204 τῷ
1210 1111 1350 1200 sdopyrtip

281 1223 483 1314 συνήθλησάν
499 1253 553 1310 μοι
580 1238 639 1294 cet.
685 1227 834 1294 Similiter
860 1249 913 1307 eu,
943 1241 978 1292 ut
1003 1239 1133 1294 monent
1162 1229 1349 1313 Interpretot,

282 1338 322 1406 cd
351 1338 533 1426 petitionem
559 1338 781 1406 intendendam
810 1352 977 1426 usurpetur
1003 1339 1096 1407 Phil.
1121 1344 1166 1407 20
1189 1351 1238 1416 et,
1255 1359 1351 1404 socun-

283 1451 361 1516 dum
380 1451 556 1516 Editiooem
573 1437 761 1537 occeperim,
783 1474 864 1538 quae
875 1464 979 1520 tomen
991 1453 1118 1520 retineri
1129 1453 1251 1539 nequit,
1266 1452 1350 1541 Apso.

283 1564 387 1632 XXII:
419 1569 473 1632 20.
518 1567 596 1632 Proe
623 1566 734 1632 ceteris
763 1587 838 1632 vero
858 1567 1037 1632 consulatur
1056 1567 1178 1632 dictum
1196 1589 1267 1632 mso
1289 1566 1352 1631 Leo.

283 1678 361 1744 XII:
384 1683 422 1756 5,
449 1678 506 1744 ubi
524 1679 725 1744 scribendum
746 1689 805 1744 est:
828 1682 898 1762 sod,
931 1678 1009 1765 λέγω
1029 1679 1120 1762 ὑμῖν,
1141 1685 1252 1746 cotim
1272 1672 1353 1764 φοβή-

283 1797 380 1879 θητε,
411 1803 447 1856 ut
476 1795 528 1862 ναλ
549 1789 711 1880 φσβήθητε
741 1793 983 1880 coniungantur.
1037 1794 1100 1857 Pro
1126 1790 1187 1856 bac
1219 1789 1354 1856 Particult

284 1916 390 1970 autem
412 1907 540 1974 Veteres
560 1907 720 2001 nonnulli,
744 1927 822 1994 quos
840 1906 941 1972 Editio
966 1909 1104 1992 Recepta
1123 1905 1279 1992 sequitur,
1301 1925 1355 1968 mo

286 2019 334 2104 gis
350 2019 494 2102 upitutom
515 2019 569 2084 καί
585 2020 819 2088 substituerunt.
866 2020 959 2102 Quod
986 2020 1090 2084 minus
1112 2017 1292 2084 mirundum
1307 2027 1354 2090 est,

285 2131 452 2217 quoniam,
484 2131 621 2198 versibus
651 2137 671 2198 2
702 2145 733 2198 et
762 2139 783 2200 3
816 2133 916 2200 obiter
944 2133 1109 2218 inspectis,
1141 2131 1269 2196 omnino
1295 2131 1355 2194 latet

285 2265 393 2322 conss,
417 2267 475 2310 cnr
497 2266 614 2314 rennos
635 2243 775 2332 Σιλζσγον
793 2243 914 2334 γνήσιον
933 2257 1101 2332 tantopere
1117 2245 1267 2312 obsecret.
1308 2240 1354 2306 Sed

286 2379 379 2424 consa
409 2357 481 2436 itta,
509 2359 557 2426 uti
587 2371 682 2447 puto,
717 2361 904 2444 explicatur,
938 2361 963 2424 si
992 2359 1181 2426 attendimus
1211 2359 1252 2424 ad
1279 2357 1355 2420 verbo

285 2470 503 2556 praecedentis
537 2475 572 2540 ἐν
595 2474 720 2564 Κυρίῳ,
749 2473 862 2559 quibus
891 2485 1057 2559 utromque
1083 2473 1251 2538 mulierem
1280 2471 1355 2534 eu'rm

287 2584 407 2650 laudari
425 2585 568 2652 vidimus.
613 2585 707 2668 Quod
726 2585 823 2674 igitur
838 2587 1002 2671 Apostolus
1022 2585 1158 2670 scripsit:
1183 2584 1277 2663 Nae,
1290 2591 1318 2648 et
1333 2589 1356 2644 te

178 2693 183 2706 '
289 2720 388 2788 rogo,
424 2701 592 2788 opdulare
623 2701 715 2783 ittet,
749 2722 835 2787 quoe
855 2722 925 2790 pro
952 2723 1014 2764 suc
1031 2680 1215 2788 porte‘od
1241 2716 1356 2764 caesor

289 2831 420 2878 unntsm
445 2813 710 2902 propagandam
732 2837 854 2878 mecum
882 2822 1039 2902 tauquam
1061 2817 1099 2876 ist
1123 2815 1303 2878 certamine
1320 2811 1357 2873 lo·

289 2927 468 3008 bororunt,
498 2925 583 2990 bunc
601 2924 717 2992 boberc
737 2926 859 2992 videtur
877 2949 1018 2990 sensum:
1043 2923 1222 3014 Profecto,
1248 2925 1358 3014 dt'gttis·

289 3043 394 3104 εἰσισσ
413 3045 496 3101 sunt
518 3039 618 3120 illae,
641 3041 758 3127 quidun
778 3039 957 3130 opduleric
980 3052 1039 3106 cet.
1084 3040 1231 3107 Verbum
1251 3038 1357 3126 ἐρωτῶν

290 3149 375 3239 quod
403 3149 523 3214 reddidi
550 3173 650 3240 rogo,
676 3152 703 3217 si
721 3153 791 3240 quis
811 3175 884 3220 cum
904 3175 1027 3220 onorio
1046 3152 1247 3238 interpretari
1263 3145 1358 3216 mavult

284 3286 426 3354 precor,
453 3287 512 3350 per
538 3287 591 3332 me
617 3266 708 3332 licet:
741 3267 841 3332 lenius
870 3277 954 3332 certe
984 3266 1065 3332 illud
1094 3265 1305 3351 blondiusque
1328 3267 1358 3323 eti

291 3399 388 3465 quam
415 3379 556 3464 superius
584 3385 761 3468 πσρωισλῶ.
806 3379 943 3448 Medium
969 3375 1203 3464 συλλαμβάνω,
1231 3399 1304 3444 cont
1320 3393 1359 3436 st·

292 3503 406 3577 quatur
437 3494 578 3572 Datims,
602 3494 761 3560 notionem
789 3493 905 3561 hebere
932 3489 1139 3582 φίλιιῐσσιίἰ,
1169 3505 1360 3558 cumcurn·

293 3627 392 3669 ornos
419 3606 536 3692 aliique
556 3605 780 3695 Lexioograpbi
809 3607 879 3696 satis
902 3605 1045 3692 probent.
1090 3606 1159 3672 Hco
1178 3615 1287 3672 sutem
1307 3616 1359 3666 cun

292 3740 491 3784 orcomms
506 3721 638 3804 explicet
659 3721 826 3810 opitulari
843 3721 885 3797 εἰς
905 3718 946 3786 ro*
965 3716 1040 3804 πρός
1059 3715 1112 3784 τόν
1125 3717 1222 3796 Geir,
1246 3729 1360 3782 cuorus

293 3833 472 3923 opitulari,
493 3841 533 3894 ot
552 3834 727 3911 baberent,
746 3833 832 3898 unde
851 3835 1010 3911 viverent,
1029 3832 1133 3895 nentri
1151 3829 1293 3894 assentiri
1306 3845 1361 3912 pot·

293 3969 379 4011 sum:
403 3945 552 4033 quoniam
573 3948 729 4014 Particuls
749 3948 814 4028 ναί,
838 3947 863 4010 si
882 3945 1032 4034 loquendi
1052 3966 1143 4009 usum
1161 3945 1247 4008 bene
1271 3953 1362 4008 teneo,

294 4060 464 4124 orationem
500 4059 687 4144 praecedere
723 4061 801 4123 solet
828 4058 912 4123 idem
940 4067 1162 4146 argumentum
1194 4071 1362 4143 persequer·

294 4181 375 4250 tem,
399 4195 464 4238 non
489 4193 562 4236 vero
591 4171 732 4238 adalind
752 4171 1040 4262 transgredientem.
1085 4171 1192 4252 Quare
1218 4191 1291 4236 oum
1308 4164 1362 4250 plt*

295 4283 399 4368 risque
417 4286 658 4369 Interpretibns‚
680 4286 794 4371 quibus
811 4297 842 4350 ct
863 4307 1055 4352 renomcros
1072 4307 1105 4348 se
1122 4282 1281 4358 adiunxit,
1299 4277 1363 4342 boot
