<?xml version="1.0" encoding="UTF-8"?>
<!DOCTYPE html PUBLIC "-//W3C//DTD XHTML 1.0 Transitional//EN"
    "http://www.w3.org/TR/xhtml1/DTD/xhtml1-transitional.dtd">
<html xmlns="http://www.w3.org/1999/xhtml" xml:lang="en" lang="en">
 <head>
  <title>
</title>
<meta http-equiv="Content-Type" content="text/html;charset=utf-8" />
  <meta name='ocr-system' content='tesseract 3.04.00' />
  <meta name='ocr-capabilities' content='ocr_page ocr_carea ocr_par ocr_line ocrx_word'/>
</head>
<body>
  <div class='ocr_page' id='page_1' title='image "./commentariusper01henggoog_0303.png"; bbox 0 0 2818 5032; ppageno 0'>
   <div class='ocr_carea' id='block_1_1' title="bbox 234 345 949 412">
    <p class='ocr_par' dir='ltr' id='par_1_1' title="bbox 234 345 949 412">
     <span class='ocr_line' id='line_1_1' title="bbox 234 345 949 412; baseline 0.001 -3"><span class='ocrx_word' id='word_1_1' title='bbox 234 347 302 410; x_wconf 81' lang='grc'><strong>296</strong></span> <span class='ocrx_word' id='word_1_2' title='bbox 614 367 682 410; x_wconf 75' lang='lat' dir='ltr'><strong>our.</strong></span> <span class='ocrx_word' id='word_1_3' title='bbox 705 345 759 412; x_wconf 86' lang='lat' dir='ltr'><strong>IV.</strong></span> <span class='ocrx_word' id='word_1_4' title='bbox 785 365 871 412; x_wconf 83' lang='lat' dir='ltr'><strong>vrrs.</strong></span> <span class='ocrx_word' id='word_1_5' title='bbox 897 347 949 410; x_wconf 90' lang='grc'><strong>10.</strong></span> 
     </span>
    </p>
   </div>
   <div class='ocr_carea' id='block_1_2' title="bbox 180 527 1321 4132">
    <p class='ocr_par' dir='ltr' id='par_1_2' title="bbox 180 527 1321 3109">
     <span class='ocr_line' id='line_1_2' title="bbox 234 527 1308 616; baseline 0.001 -24"><span class='ocrx_word' id='word_1_6' title='bbox 234 549 308 596; x_wconf 84' lang='lat' dir='ltr'><strong>rere</strong></span> <span class='ocrx_word' id='word_1_7' title='bbox 339 549 443 598; x_wconf 87' lang='lat' dir='ltr'><strong>rursus</strong></span> <span class='ocrx_word' id='word_1_8' title='bbox 470 528 562 594; x_wconf 86' lang='lat' dir='ltr'><strong>flores</strong></span> <span class='ocrx_word' id='word_1_9' title='bbox 588 540 619 594; x_wconf 91' lang='lat' dir='ltr'><strong>et</strong></span> <span class='ocrx_word' id='word_1_10' title='bbox 646 527 769 596; x_wconf 75' lang='lat' dir='ltr'><strong>frondes</strong></span> <span class='ocrx_word' id='word_1_11' title='bbox 791 528 932 594; x_wconf 86' lang='lat' dir='ltr'><strong>emittere</strong></span> <span class='ocrx_word' id='word_1_12' title='bbox 951 527 1117 616; x_wconf 83' lang='lat' dir='ltr'><strong>incipiant,</strong></span> <span class='ocrx_word' id='word_1_13' title='bbox 1136 550 1308 606; x_wconf 74' lang='lat' dir='ltr'><strong>morasus,</strong></span> 
     </span>
     <span class='ocr_line' id='line_1_3' title="bbox 237 641 1312 719; baseline 0 -13"><span class='ocrx_word' id='word_1_14' title='bbox 237 663 360 719; x_wconf 81' lang='lat' dir='ltr'><strong>remos,</strong></span> <span class='ocrx_word' id='word_1_15' title='bbox 390 643 483 706; x_wconf 89' lang='lat' dir='ltr'><strong>multi</strong></span> <span class='ocrx_word' id='word_1_16' title='bbox 514 641 567 707; x_wconf 87' lang='lat' dir='ltr'><strong>alii</strong></span> <span class='ocrx_word' id='word_1_17' title='bbox 595 652 795 708; x_wconf 87' lang='lat' dir='ltr'><strong>monuerunt.</strong></span> <span class='ocrx_word' id='word_1_18' title='bbox 840 642 907 708; x_wconf 86' lang='lat' dir='ltr'><strong>Iam</strong></span> <span class='ocrx_word' id='word_1_19' title='bbox 933 663 1179 710; x_wconf 83' lang='lat' dir='ltr'><strong>cnnrsosrorrns</strong></span> <span class='ocrx_word' id='word_1_20' title='bbox 1205 641 1312 708; x_wconf 82' lang='lat' dir='ltr'><strong>adscri-</strong></span> 
     </span>
     <span class='ocr_line' id='line_1_4' title="bbox 237 749 1314 847; baseline 0.003 -30"><span class='ocrx_word' id='word_1_21' title='bbox 237 753 316 840; x_wconf 84' lang='lat' dir='ltr'><strong>psit:</strong></span> <span class='ocrx_word' id='word_1_22' title='bbox 349 753 397 847; x_wconf 67' lang='grc' dir='ltr'><strong>οἱςΙ</strong></span> <span class='ocrx_word' id='word_1_23' title='bbox 415 754 467 824; x_wconf 73' lang='grc' dir='ltr'><strong>ἐπὶ</strong></span> <span class='ocrx_word' id='word_1_24' title='bbox 490 750 624 840; x_wconf 74' lang='grc' dir='ltr'><strong><em>δένδρων</em></strong></span> <span class='ocrx_word' id='word_1_25' title='bbox 644 749 898 842; x_wconf 70' lang='grc' dir='ltr'><strong><em>βλοοτησᾶντονν,</em></strong></span> <span class='ocrx_word' id='word_1_26' title='bbox 923 751 987 822; x_wconf 76' lang='grc' dir='ltr'><strong><em>εἶτα</em></strong></span> <span class='ocrx_word' id='word_1_27' title='bbox 1007 752 1239 843; x_wconf 61' lang='grc' dir='ltr'><strong><em>ξηρανθέντα»,</em></strong></span> <span class='ocrx_word' id='word_1_28' title='bbox 1269 755 1314 820; x_wconf 74' lang='lat' dir='ltr'><strong>xri</strong></span> 
     </span>
     <span class='ocr_line' id='line_1_5' title="bbox 239 861 1314 954; baseline -0.005 -20"><span class='ocrx_word' id='word_1_29' title='bbox 239 863 331 934; x_wconf 72' lang='grc' dir='ltr'><strong><em>πάλιν</em></strong></span> <span class='ocrx_word' id='word_1_30' title='bbox 364 861 609 954; x_wconf 75' lang='grc' dir='ltr'><strong><em>βλοοτησάντων.</em></strong></span> <span class='ocrx_word' id='word_1_31' title='bbox 661 865 750 932; x_wconf 82' lang='lat' dir='ltr'>Unde</span> <span class='ocrx_word' id='word_1_32' title='bbox 786 866 879 932; x_wconf 87' lang='lat' dir='ltr'><strong>simul</strong></span> <span class='ocrx_word' id='word_1_33' title='bbox 906 879 1048 954; x_wconf 85' lang='lat' dir='ltr'><strong>apparet,</strong></span> <span class='ocrx_word' id='word_1_34' title='bbox 1079 889 1152 932; x_wconf 91' lang='lat' dir='ltr'><strong>eum</strong></span> <span class='ocrx_word' id='word_1_35' title='bbox 1182 866 1314 936; x_wconf 80' lang='lat' dir='ltr'><strong>Verbum</strong></span> 
     </span>
     <span class='ocr_line' id='line_1_6' title="bbox 240 967 1315 1067; baseline -0.002 -23"><span class='ocrx_word' id='word_1_36' title='bbox 240 967 404 1046; x_wconf 72' lang='grc' dir='ltr'><strong><em>ἀνεθάλετε</em></strong></span> <span class='ocrx_word' id='word_1_37' title='bbox 424 977 538 1044; x_wconf 86' lang='lat' dir='ltr'><strong>habere</strong></span> <span class='ocrx_word' id='word_1_38' title='bbox 558 977 801 1056; x_wconf 83' lang='lat' dir='ltr'><strong>Intransitivum:</strong></span> <span class='ocrx_word' id='word_1_39' title='bbox 840 979 944 1067; x_wconf 81' lang='lat' dir='ltr'><strong>Atque</strong></span> <span class='ocrx_word' id='word_1_40' title='bbox 962 980 1005 1046; x_wconf 82' lang='lat' dir='ltr'><strong>ite</strong></span> <span class='ocrx_word' id='word_1_41' title='bbox 1027 1001 1150 1059; x_wconf 88' lang='lat' dir='ltr'><strong>omnes,</strong></span> <span class='ocrx_word' id='word_1_42' title='bbox 1171 989 1315 1067; x_wconf 86' lang='lat' dir='ltr'><strong>quantum</strong></span> 
     </span>
     <span class='ocr_line' id='line_1_7' title="bbox 240 1091 1317 1178; baseline 0 -22"><span class='ocrx_word' id='word_1_43' title='bbox 240 1092 321 1170; x_wconf 89' lang='lat' dir='ltr'><strong>scio,</strong></span> <span class='ocrx_word' id='word_1_44' title='bbox 345 1091 489 1172; x_wconf 82' lang='lat' dir='ltr'><strong>Veteres,</strong></span> <span class='ocrx_word' id='word_1_45' title='bbox 512 1102 580 1157; x_wconf 89' lang='lat' dir='ltr'><strong>tum</strong></span> <span class='ocrx_word' id='word_1_46' title='bbox 600 1115 756 1172; x_wconf 71' lang='lat' dir='ltr'><strong>misum,</strong></span> <span class='ocrx_word' id='word_1_47' title='bbox 789 1114 968 1171; x_wconf 82' lang='lat' dir='ltr'><strong>unrnunns,</strong></span> <span class='ocrx_word' id='word_1_48' title='bbox 990 1110 1162 1171; x_wconf 72' lang='lat' dir='ltr'><strong>casuros,</strong></span> <span class='ocrx_word' id='word_1_49' title='bbox 1181 1092 1317 1178; x_wconf 80' lang='lat' dir='ltr'><strong>plerique</strong></span> 
     </span>
     <span class='ocr_line' id='line_1_8' title="bbox 239 1205 1316 1291; baseline -0.002 -21"><span class='ocrx_word' id='word_1_50' title='bbox 239 1205 427 1291; x_wconf 85' lang='lat' dir='ltr'><strong>interpretes</strong></span> <span class='ocrx_word' id='word_1_51' title='bbox 447 1205 653 1286; x_wconf 81' lang='lat' dir='ltr'><strong>recentiores,</strong></span> <span class='ocrx_word' id='word_1_52' title='bbox 676 1207 769 1272; x_wconf 84' lang='lat' dir='ltr'><strong>etium</strong></span> <span class='ocrx_word' id='word_1_53' title='bbox 790 1227 939 1285; x_wconf 75' lang='lat' dir='ltr'><strong>sumtus,</strong></span> <span class='ocrx_word' id='word_1_54' title='bbox 960 1227 1215 1285; x_wconf 77' lang='lat' dir='ltr'><strong>uumrwuunns,</strong></span> <span class='ocrx_word' id='word_1_55' title='bbox 1236 1227 1316 1270; x_wconf 78' lang='lat' dir='ltr'><strong>uur-</strong></span> 
     </span>
     <span class='ocr_line' id='line_1_9' title="bbox 238 1318 1317 1404; baseline -0.004 -20"><span class='ocrx_word' id='word_1_56' title='bbox 238 1339 391 1385; x_wconf 80' lang='lat' dir='ltr'><strong>rrrrrsrns.</strong></span> <span class='ocrx_word' id='word_1_57' title='bbox 437 1318 528 1384; x_wconf 81' lang='lat' dir='ltr'><strong>Haud</strong></span> <span class='ocrx_word' id='word_1_58' title='bbox 549 1321 642 1404; x_wconf 86' lang='lat' dir='ltr'><strong>pauci</strong></span> <span class='ocrx_word' id='word_1_59' title='bbox 664 1331 784 1398; x_wconf 73' lang='lat' dir='ltr'><strong>nmen,</strong></span> <span class='ocrx_word' id='word_1_60' title='bbox 809 1319 890 1386; x_wconf 87' lang='lat' dir='ltr'><strong>duce</strong></span> <span class='ocrx_word' id='word_1_61' title='bbox 917 1340 1055 1398; x_wconf 80' lang='lat' dir='ltr'><strong>orooro,</strong></span> <span class='ocrx_word' id='word_1_62' title='bbox 1081 1318 1317 1404; x_wconf 89' lang='lat' dir='ltr'><strong>interpretantur</strong></span> 
     </span>
     <span class='ocr_line' id='line_1_10' title="bbox 237 1429 1316 1521; baseline -0.003 -22"><span class='ocrx_word' id='word_1_63' title='bbox 237 1429 451 1521; x_wconf 83' lang='lat' dir='ltr'><strong>reflorescere</strong></span> <span class='ocrx_word' id='word_1_64' title='bbox 460 1433 616 1518; x_wconf 70' lang='lat' dir='ltr'><strong>seeretis,</strong></span> <span class='ocrx_word' id='word_1_65' title='bbox 635 1435 881 1510; x_wconf 81' lang='lat' dir='ltr'><strong>resuscitastis,</strong></span> <span class='ocrx_word' id='word_1_66' title='bbox 903 1430 1089 1498; x_wconf 73' lang='lat' dir='ltr'><strong>renovastis</strong></span> <span class='ocrx_word' id='word_1_67' title='bbox 1106 1432 1156 1496; x_wconf 83' lang='lat' dir='ltr'><strong>rol</strong></span> <span class='ocrx_word' id='word_1_68' title='bbox 1173 1431 1316 1496; x_wconf 88' lang='lat' dir='ltr'><strong>similiter.</strong></span> 
     </span>
     <span class='ocr_line' id='line_1_11' title="bbox 237 1541 1318 1636; baseline 0.003 -27"><span class='ocrx_word' id='word_1_69' title='bbox 237 1547 276 1610; x_wconf 82' lang='lat' dir='ltr'><strong>Et</strong></span> <span class='ocrx_word' id='word_1_70' title='bbox 304 1557 415 1632; x_wconf 84' lang='lat' dir='ltr'><strong>quater</strong></span> <span class='ocrx_word' id='word_1_71' title='bbox 434 1569 508 1612; x_wconf 85' lang='lat' dir='ltr'><strong>sane</strong></span> <span class='ocrx_word' id='word_1_72' title='bbox 528 1541 699 1614; x_wconf 66' lang='lat' dir='ltr'><strong>dendritis»</strong></span> <span class='ocrx_word' id='word_1_73' title='bbox 719 1545 802 1633; x_wconf 86' lang='lat' dir='ltr'><strong>apud</strong></span> <span class='ocrx_word' id='word_1_74' title='bbox 821 1544 1042 1636; x_wconf 74' lang='lat' dir='ltr'><strong>Interpretem</strong></span> <span class='ocrx_word' id='word_1_75' title='bbox 1070 1546 1173 1613; x_wconf 80' lang='lat' dir='ltr'><strong>Alex.</strong></span> <span class='ocrx_word' id='word_1_76' title='bbox 1205 1543 1318 1612; x_wconf 86' lang='lat' dir='ltr'><strong>Transi·</strong></span> 
     </span>
     <span class='ocr_line' id='line_1_12' title="bbox 240 1657 1318 1738; baseline -0.001 -13"><span class='ocrx_word' id='word_1_77' title='bbox 240 1661 340 1725; x_wconf 89' lang='lat' dir='ltr'><strong>tirum</strong></span> <span class='ocrx_word' id='word_1_78' title='bbox 363 1672 424 1726; x_wconf 83' lang='lat' dir='ltr'><strong>est:</strong></span> <span class='ocrx_word' id='word_1_79' title='bbox 453 1661 577 1728; x_wconf 71' lang='lat' dir='ltr'><strong>Enoch.</strong></span> <span class='ocrx_word' id='word_1_80' title='bbox 601 1662 706 1730; x_wconf 87' lang='lat' dir='ltr'>XVII:</span> <span class='ocrx_word' id='word_1_81' title='bbox 733 1664 788 1728; x_wconf 82' lang='lat'><strong>24.</strong></span> <span class='ocrx_word' id='word_1_82' title='bbox 813 1657 885 1726; x_wconf 84' lang='lat' dir='ltr'><strong>Sir.</strong></span> <span class='ocrx_word' id='word_1_83' title='bbox 914 1661 945 1726; x_wconf 92' lang='lat' dir='ltr'><strong>I:</strong></span> <span class='ocrx_word' id='word_1_84' title='bbox 970 1663 1022 1728; x_wconf 80' lang='lat'><strong>18.</strong></span> <span class='ocrx_word' id='word_1_85' title='bbox 1042 1661 1106 1724; x_wconf 87' lang='lat' dir='ltr'><strong>XI:</strong></span> <span class='ocrx_word' id='word_1_86' title='bbox 1133 1663 1187 1724; x_wconf 90' lang='lat'><strong>22.</strong></span> <span class='ocrx_word' id='word_1_87' title='bbox 1200 1661 1246 1738; x_wconf 77' lang='lat' dir='ltr'><strong>¹L:</strong></span> <span class='ocrx_word' id='word_1_88' title='bbox 1273 1663 1318 1724; x_wconf 91' lang='lat'><strong>10.</strong></span> 
     </span>
     <span class='ocr_line' id='line_1_13' title="bbox 242 1771 1318 1860; baseline -0.005 -22"><span class='ocrx_word' id='word_1_89' title='bbox 242 1773 305 1838; x_wconf 91' lang='lat' dir='ltr'><strong>Sed</strong></span> <span class='ocrx_word' id='word_1_90' title='bbox 325 1773 387 1839; x_wconf 91' lang='lat' dir='ltr'><strong>loci</strong></span> <span class='ocrx_word' id='word_1_91' title='bbox 402 1773 450 1838; x_wconf 90' lang='lat' dir='ltr'><strong>itti</strong></span> <span class='ocrx_word' id='word_1_92' title='bbox 470 1773 632 1840; x_wconf 85' lang='lat' dir='ltr'><strong>dissimiles</strong></span> <span class='ocrx_word' id='word_1_93' title='bbox 651 1785 738 1853; x_wconf 91' lang='lat' dir='ltr'><strong>sunt,</strong></span> <span class='ocrx_word' id='word_1_94' title='bbox 760 1773 910 1860; x_wconf 88' lang='lat' dir='ltr'><strong>quoniam</strong></span> <span class='ocrx_word' id='word_1_95' title='bbox 928 1772 973 1838; x_wconf 94' lang='lat' dir='ltr'><strong>ibi</strong></span> <span class='ocrx_word' id='word_1_96' title='bbox 989 1783 1164 1858; x_wconf 88' lang='lat' dir='ltr'><strong>sequuntur</strong></span> <span class='ocrx_word' id='word_1_97' title='bbox 1175 1771 1318 1839; x_wconf 82' lang='lat' dir='ltr'><strong>voeabula</strong></span> 
     </span>
     <span class='ocr_line' id='line_1_14' title="bbox 238 1881 1319 1978; baseline -0.002 -26"><span class='ocrx_word' id='word_1_98' title='bbox 238 1883 350 1967; x_wconf 74' lang='grc' dir='ltr'><strong><em>ξύλον,</em></strong></span> <span class='ocrx_word' id='word_1_99' title='bbox 371 1881 508 1974; x_wconf 68' lang='grc' dir='ltr'><strong><em>εἰρήνην,</em></strong></span> <span class='ocrx_word' id='word_1_100' title='bbox 529 1886 683 1972; x_wconf 69' lang='grc' dir='ltr'><strong><em>εὐλογίαν,</em></strong></span> <span class='ocrx_word' id='word_1_101' title='bbox 703 1885 851 1975; x_wconf 69' lang='grc' dir='ltr'><strong><em>καρπούς,</em></strong></span> <span class='ocrx_word' id='word_1_102' title='bbox 882 1887 997 1974; x_wconf 89' lang='lat' dir='ltr'><strong>quibus</strong></span> <span class='ocrx_word' id='word_1_103' title='bbox 1018 1887 1127 1978; x_wconf 18' lang='lat' dir='ltr'><strong>vel-„ea</strong></span> <span class='ocrx_word' id='word_1_104' title='bbox 1146 1885 1319 1974; x_wconf 83' lang='lat' dir='ltr'><strong>significau-</strong></span> 
     </span>
     <span class='ocr_line' id='line_1_15' title="bbox 180 1995 1321 2086; baseline 0 -24"><span class='ocrx_word' id='word_1_105' title='bbox 180 1995 183 2004; x_wconf 72' lang='grc'><em>“</em></span> <span class='ocrx_word' id='word_1_106' title='bbox 242 2009 311 2076; x_wconf 90' lang='lat' dir='ltr'><strong>tur,</strong></span> <span class='ocrx_word' id='word_1_107' title='bbox 335 2019 416 2084; x_wconf 86' lang='lat' dir='ltr'><strong>qnae</strong></span> <span class='ocrx_word' id='word_1_108' title='bbox 437 2000 623 2064; x_wconf 78' lang='lat' dir='ltr'><strong>revirescere</strong></span> <span class='ocrx_word' id='word_1_109' title='bbox 641 2010 787 2086; x_wconf 85' lang='lat' dir='ltr'><strong>possunt,</strong></span> <span class='ocrx_word' id='word_1_110' title='bbox 809 2001 859 2064; x_wconf 83' lang='lat' dir='ltr'><strong>rol</strong></span> <span class='ocrx_word' id='word_1_111' title='bbox 882 2021 929 2066; x_wconf 89' lang='lat' dir='ltr'><strong>res</strong></span> <span class='ocrx_word' id='word_1_112' title='bbox 951 2001 1058 2066; x_wconf 90' lang='lat' dir='ltr'><strong>saltem</strong></span> <span class='ocrx_word' id='word_1_113' title='bbox 1082 2021 1155 2065; x_wconf 89' lang='lat' dir='ltr'><strong>enm</strong></span> <span class='ocrx_word' id='word_1_114' title='bbox 1174 1999 1211 2064; x_wconf 90' lang='lat' dir='ltr'><strong>iis</strong></span> <span class='ocrx_word' id='word_1_115' title='bbox 1235 2021 1321 2064; x_wconf 92' lang='lat' dir='ltr'><strong>com-</strong></span> 
     </span>
     <span class='ocr_line' id='line_1_16' title="bbox 243 2110 1321 2200; baseline 0.001 -24"><span class='ocrx_word' id='word_1_116' title='bbox 243 2111 412 2198; x_wconf 80' lang='lat' dir='ltr'><strong>parandae3</strong></span> <span class='ocrx_word' id='word_1_117' title='bbox 444 2123 474 2177; x_wconf 85' lang='lat' dir='ltr'><strong>nt</strong></span> <span class='ocrx_word' id='word_1_118' title='bbox 502 2111 554 2177; x_wconf 85' lang='lat' dir='ltr'><strong>bio</strong></span> <span class='ocrx_word' id='word_1_119' title='bbox 574 2113 678 2181; x_wconf 91' lang='lat' dir='ltr'><strong>Verbo</strong></span> <span class='ocrx_word' id='word_1_120' title='bbox 701 2113 876 2180; x_wconf 87' lang='lat' dir='ltr'><strong>subiectum</strong></span> <span class='ocrx_word' id='word_1_121' title='bbox 895 2123 939 2178; x_wconf 89' lang='lat' dir='ltr'><strong>est</strong></span> <span class='ocrx_word' id='word_1_122' title='bbox 964 2114 1109 2180; x_wconf 82' lang='lat' dir='ltr'><strong>Aotivnm</strong></span> <span class='ocrx_word' id='word_1_123' title='bbox 1130 2110 1166 2182; x_wconf 78' lang='grc' dir='ltr'><strong><em>νδ</em></strong></span> <span class='ocrx_word' id='word_1_124' title='bbox 1188 2120 1321 2200; x_wconf 75' lang='grc' dir='ltr'><strong><em>φρονεῖν,</em></strong></span> 
     </span>
     <span class='ocr_line' id='line_1_17' title="bbox 244 2225 1319 2313; baseline 0 -24"><span class='ocrx_word' id='word_1_125' title='bbox 244 2225 329 2313; x_wconf 92' lang='lat' dir='ltr'><strong>quod</strong></span> <span class='ocrx_word' id='word_1_126' title='bbox 363 2247 436 2296; x_wconf 91' lang='lat' dir='ltr'><strong>cum</strong></span> <span class='ocrx_word' id='word_1_127' title='bbox 467 2225 628 2290; x_wconf 83' lang='lat' dir='ltr'><strong>arboribus</strong></span> <span class='ocrx_word' id='word_1_128' title='bbox 657 2225 706 2290; x_wconf 86' lang='lat' dir='ltr'><strong>vel</strong></span> <span class='ocrx_word' id='word_1_129' title='bbox 734 2227 887 2292; x_wconf 78' lang='lat' dir='ltr'><strong>fructibus</strong></span> <span class='ocrx_word' id='word_1_130' title='bbox 916 2225 995 2294; x_wconf 86' lang='lat' dir='ltr'><strong>nihii</strong></span> <span class='ocrx_word' id='word_1_131' title='bbox 1021 2225 1115 2293; x_wconf 88' lang='lat' dir='ltr'><strong>hebet</strong></span> <span class='ocrx_word' id='word_1_132' title='bbox 1148 2247 1319 2292; x_wconf 88' lang='lat' dir='ltr'><strong>commuue.</strong></span> 
     </span>
     <span class='ocr_line' id='line_1_18' title="bbox 246 2337 1321 2428; baseline -0.002 -24"><span class='ocrx_word' id='word_1_133' title='bbox 246 2339 339 2423; x_wconf 88' lang='lat' dir='ltr'><strong>Quod</strong></span> <span class='ocrx_word' id='word_1_134' title='bbox 373 2339 451 2405; x_wconf 88' lang='lat' dir='ltr'><strong>tanti</strong></span> <span class='ocrx_word' id='word_1_135' title='bbox 477 2339 575 2418; x_wconf 92' lang='lat' dir='ltr'><strong>duco,</strong></span> <span class='ocrx_word' id='word_1_136' title='bbox 608 2349 643 2404; x_wconf 92' lang='lat' dir='ltr'><strong>ut</strong></span> <span class='ocrx_word' id='word_1_137' title='bbox 671 2358 712 2404; x_wconf 90' lang='lat' dir='ltr'><strong>ne</strong></span> <span class='ocrx_word' id='word_1_138' title='bbox 744 2340 836 2406; x_wconf 73' lang='lat' dir='ltr'><strong>ubam</strong></span> <span class='ocrx_word' id='word_1_139' title='bbox 860 2340 989 2428; x_wconf 86' lang='lat' dir='ltr'><strong>quidem</strong></span> <span class='ocrx_word' id='word_1_140' title='bbox 1018 2340 1178 2406; x_wconf 89' lang='lat' dir='ltr'><strong>notionem</strong></span> <span class='ocrx_word' id='word_1_141' title='bbox 1205 2339 1264 2404; x_wconf 87' lang='lat' dir='ltr'><strong>hac</strong></span> <span class='ocrx_word' id='word_1_142' title='bbox 1291 2337 1321 2402; x_wconf 88' lang='lat' dir='ltr'><strong>in</strong></span> 
     </span>
     <span class='ocr_line' id='line_1_19' title="bbox 249 2452 1321 2541; baseline -0.005 -22"><span class='ocrx_word' id='word_1_143' title='bbox 249 2453 387 2519; x_wconf 82' lang='lat' dir='ltr'><strong>oratione</strong></span> <span class='ocrx_word' id='word_1_144' title='bbox 414 2453 489 2517; x_wconf 85' lang='lat' dir='ltr'><strong>ferri</strong></span> <span class='ocrx_word' id='word_1_145' title='bbox 509 2475 598 2540; x_wconf 89' lang='lat' dir='ltr'><strong>posse</strong></span> <span class='ocrx_word' id='word_1_146' title='bbox 618 2462 747 2538; x_wconf 88' lang='lat' dir='ltr'><strong>putem,</strong></span> <span class='ocrx_word' id='word_1_147' title='bbox 774 2475 868 2541; x_wconf 84' lang='lat' dir='ltr'><strong>quarn</strong></span> <span class='ocrx_word' id='word_1_148' title='bbox 890 2452 1104 2536; x_wconf 72' lang='lat' dir='ltr'><strong>reviruiste&#39;s,</strong></span> <span class='ocrx_word' id='word_1_149' title='bbox 1130 2474 1211 2540; x_wconf 88' lang='lat' dir='ltr'><strong>quae</strong></span> <span class='ocrx_word' id='word_1_150' title='bbox 1233 2472 1321 2537; x_wconf 82' lang='lat' dir='ltr'><strong>repe-</strong></span> 
     </span>
     <span class='ocr_line' id='line_1_20' title="bbox 247 2561 1319 2656; baseline -0.004 -24"><span class='ocrx_word' id='word_1_151' title='bbox 247 2569 326 2632; x_wconf 90' lang='lat' dir='ltr'><strong>ritur</strong></span> <span class='ocrx_word' id='word_1_152' title='bbox 351 2588 480 2654; x_wconf 87' lang='lat' dir='ltr'><strong>qnoque</strong></span> <span class='ocrx_word' id='word_1_153' title='bbox 494 2561 627 2632; x_wconf 57' lang='lat' dir='ltr'><strong>&#39;Psote</strong></span> <span class='ocrx_word' id='word_1_154' title='bbox 648 2566 781 2634; x_wconf 83' lang='lat' dir='ltr'>XXVII:</span> <span class='ocrx_word' id='word_1_155' title='bbox 808 2569 839 2634; x_wconf 86' lang='lat'><strong>7.</strong></span> <span class='ocrx_word' id='word_1_156' title='bbox 859 2566 945 2634; x_wconf 80' lang='lat' dir='ltr'><strong>Hos.</strong></span> <span class='ocrx_word' id='word_1_157' title='bbox 962 2569 1054 2636; x_wconf 91' lang='lat' dir='ltr'>VIII:</span> <span class='ocrx_word' id='word_1_158' title='bbox 1073 2571 1104 2633; x_wconf 85' lang='lat'><strong>9.</strong></span> <span class='ocrx_word' id='word_1_159' title='bbox 1123 2563 1206 2656; x_wconf 78' lang='lat' dir='ltr'><strong>Sap.</strong></span> <span class='ocrx_word' id='word_1_160' title='bbox 1223 2565 1277 2634; x_wconf 90' lang='lat' dir='ltr'><strong>IV:</strong></span> <span class='ocrx_word' id='word_1_161' title='bbox 1294 2566 1319 2628; x_wconf 82' lang='lat' dir='ltr'><strong>t.</strong></span> 
     </span>
     <span class='ocr_line' id='line_1_21' title="bbox 249 2677 1319 2764; baseline -0.008 -16"><span class='ocrx_word' id='word_1_162' title='bbox 249 2678 322 2748; x_wconf 76' lang='lat' dir='ltr'><strong>Sir.</strong></span> <span class='ocrx_word' id='word_1_163' title='bbox 344 2681 458 2749; x_wconf 86' lang='lat' dir='ltr'>XLVI:</span> <span class='ocrx_word' id='word_1_164' title='bbox 476 2684 527 2746; x_wconf 87' lang='lat'><strong>12.</strong></span> <span class='ocrx_word' id='word_1_165' title='bbox 547 2681 660 2745; x_wconf 82' lang='lat' dir='ltr'>XLIX:</span> <span class='ocrx_word' id='word_1_166' title='bbox 679 2682 737 2757; x_wconf 89' lang='grc'><strong>10,</strong></span> <span class='ocrx_word' id='word_1_167' title='bbox 754 2679 836 2764; x_wconf 87' lang='lat' dir='ltr'><strong>apud</strong></span> <span class='ocrx_word' id='word_1_168' title='bbox 857 2701 1001 2760; x_wconf 73' lang='lat' dir='ltr'><strong>Ionium</strong></span> <span class='ocrx_word' id='word_1_169' title='bbox 1019 2680 1149 2747; x_wconf 83' lang='lat' dir='ltr'><strong>Psalm.</strong></span> <span class='ocrx_word' id='word_1_170' title='bbox 1157 2677 1319 2746; x_wconf 83' lang='lat' dir='ltr'>CXXVIII:</span> 
     </span>
     <span class='ocr_line' id='line_1_22' title="bbox 248 2780 1321 2881; baseline -0.007 -19"><span class='ocrx_word' id='word_1_171' title='bbox 248 2780 280 2862; x_wconf 78' lang='grc'><strong>6.</strong></span> <span class='ocrx_word' id='word_1_172' title='bbox 325 2792 471 2873; x_wconf 79' lang='lat' dir='ltr'><strong>Accedit,</strong></span> <span class='ocrx_word' id='word_1_173' title='bbox 496 2794 581 2881; x_wconf 89' lang='lat' dir='ltr'><strong>quod</strong></span> <span class='ocrx_word' id='word_1_174' title='bbox 611 2813 766 2879; x_wconf 82' lang='lat' dir='ltr'><strong>nusquam</strong></span> <span class='ocrx_word' id='word_1_175' title='bbox 789 2794 951 2880; x_wconf 83' lang='lat' dir='ltr'><strong>scriptores</strong></span> <span class='ocrx_word' id='word_1_176' title='bbox 976 2793 1072 2860; x_wconf 79' lang='lat' dir='ltr'><strong>exteri</strong></span> <span class='ocrx_word' id='word_1_177' title='bbox 1092 2793 1152 2859; x_wconf 92' lang='lat' dir='ltr'><strong>hoo</strong></span> <span class='ocrx_word' id='word_1_178' title='bbox 1172 2793 1321 2866; x_wconf 70' lang='lat' dir='ltr'><strong>Verbum,</strong></span> 
     </span>
     <span class='ocr_line' id='line_1_23' title="bbox 249 2899 1319 2996; baseline -0.007 -23"><span class='ocrx_word' id='word_1_179' title='bbox 249 2929 440 2996; x_wconf 85' lang='lat' dir='ltr'><strong>quamquam</strong></span> <span class='ocrx_word' id='word_1_180' title='bbox 473 2909 571 2974; x_wconf 87' lang='lat' dir='ltr'><strong>rarius</strong></span> <span class='ocrx_word' id='word_1_181' title='bbox 600 2931 637 2972; x_wconf 95' lang='lat' dir='ltr'><strong>eo</strong></span> <span class='ocrx_word' id='word_1_182' title='bbox 667 2909 856 2986; x_wconf 86' lang='lat' dir='ltr'><strong>utebantur,</strong></span> <span class='ocrx_word' id='word_1_183' title='bbox 881 2908 1023 2974; x_wconf 86' lang='lat' dir='ltr'><strong>feceruut</strong></span> <span class='ocrx_word' id='word_1_184' title='bbox 1044 2907 1250 2973; x_wconf 83' lang='lat' dir='ltr'><strong>Transitivum</strong></span> <span class='ocrx_word' id='word_1_185' title='bbox 1269 2899 1319 2992; x_wconf 87' lang='lat' dir='ltr'><strong>(l)</strong></span> 
     </span>
     <span class='ocr_line' id='line_1_24' title="bbox 187 3015 1321 3109; baseline -0.007 -21"><span class='ocrx_word' id='word_1_186' title='bbox 187 3021 188 3024; x_wconf 51' lang='lat'>&#39;</span> <span class='ocrx_word' id='word_1_187' title='bbox 249 3023 369 3088; x_wconf 91' lang='lat' dir='ltr'><strong>Verum</strong></span> <span class='ocrx_word' id='word_1_188' title='bbox 390 3021 414 3085; x_wconf 90' lang='lat' dir='ltr'><strong>si</strong></span> <span class='ocrx_word' id='word_1_189' title='bbox 436 3017 600 3087; x_wconf 72' lang='grc' dir='ltr'><strong><em>ἀνεθάλετε</em></strong></span> <span class='ocrx_word' id='word_1_190' title='bbox 626 3019 858 3084; x_wconf 80' lang='lat' dir='ltr'><strong>intransiu&#39;vum</strong></span> <span class='ocrx_word' id='word_1_191' title='bbox 881 3032 942 3100; x_wconf 85' lang='lat' dir='ltr'><strong>est,</strong></span> <span class='ocrx_word' id='word_1_192' title='bbox 968 3021 1146 3109; x_wconf 87' lang='lat' dir='ltr'><strong>quaeritur,</strong></span> <span class='ocrx_word' id='word_1_193' title='bbox 1175 3015 1321 3107; x_wconf 89' lang='lat' dir='ltr'><strong>quomodo</strong></span> 
     </span>
    </p>

    <p class='ocr_par' dir='ltr' id='par_1_3' title="bbox 250 3131 1321 3223">
     <span class='ocr_line' id='line_1_25' title="bbox 250 3131 1321 3223; baseline -0.007 -23"><span class='ocrx_word' id='word_1_194' title='bbox 250 3155 323 3201; x_wconf 87' lang='lat' dir='ltr'><strong>enm</strong></span> <span class='ocrx_word' id='word_1_195' title='bbox 345 3155 382 3204; x_wconf 86' lang='lat' dir='ltr'><strong>eo</strong></span> <span class='ocrx_word' id='word_1_196' title='bbox 403 3131 589 3197; x_wconf 72' lang='lat' dir='ltr'><strong>cohaereant</strong></span> <span class='ocrx_word' id='word_1_197' title='bbox 618 3132 800 3222; x_wconf 78' lang='lat' dir='ltr'><strong>sequentia?</strong></span> <span class='ocrx_word' id='word_1_198' title='bbox 845 3133 894 3198; x_wconf 78' lang='lat' dir='ltr'><strong>An</strong></span> <span class='ocrx_word' id='word_1_199' title='bbox 916 3146 1122 3223; x_wconf 87' lang='lat' dir='ltr'><strong>propagatum</strong></span> <span class='ocrx_word' id='word_1_200' title='bbox 1140 3135 1265 3200; x_wconf 83' lang='lat' dir='ltr'><strong>fortasse</strong></span> <span class='ocrx_word' id='word_1_201' title='bbox 1283 3139 1321 3195; x_wconf 90' lang='lat' dir='ltr'><strong>est</strong></span> 
     </span>
    </p>

    <p class='ocr_par' dir='ltr' id='par_1_4' title="bbox 247 3243 1321 3333">
     <span class='ocr_line' id='line_1_26' title="bbox 247 3243 1321 3333; baseline -0.007 -18"><span class='ocrx_word' id='word_1_202' title='bbox 247 3246 284 3315; x_wconf 67' lang='lat' dir='ltr'><strong>ro*</strong></span> <span class='ocrx_word' id='word_1_203' title='bbox 307 3245 384 3332; x_wconf 70' lang='grc' dir='ltr'><em>ὑπὲρ</em></span> <span class='ocrx_word' id='word_1_204' title='bbox 409 3247 646 3333; x_wconf 61' lang='lat' dir='ltr'><strong>insequentis,</strong></span> <span class='ocrx_word' id='word_1_205' title='bbox 678 3245 825 3333; x_wconf 84' lang='lat' dir='ltr'><strong>quoniam</strong></span> <span class='ocrx_word' id='word_1_206' title='bbox 854 3247 957 3331; x_wconf 88' lang='lat' dir='ltr'><strong>prima</strong></span> <span class='ocrx_word' id='word_1_207' title='bbox 986 3247 1075 3314; x_wconf 82' lang='lat' dir='ltr'><strong>litere</strong></span> <span class='ocrx_word' id='word_1_208' title='bbox 1099 3243 1321 3333; x_wconf 74' lang='lat' dir='ltr'><strong>Praepositionis</strong></span> 
     </span>
    </p>

    <p class='ocr_par' dir='ltr' id='par_1_5' title="bbox 246 3355 1319 3454">
     <span class='ocr_line' id='line_1_27' title="bbox 246 3355 1319 3454; baseline 0.002 -32"><span class='ocrx_word' id='word_1_209' title='bbox 246 3355 325 3446; x_wconf 66' lang='grc' dir='ltr'><strong>ὑπὲρ</strong></span> <span class='ocrx_word' id='word_1_210' title='bbox 350 3357 480 3454; x_wconf 81' lang='lat' dir='ltr'><strong>Librarii</strong></span> <span class='ocrx_word' id='word_1_211' title='bbox 507 3357 668 3424; x_wconf 89' lang='lat' dir='ltr'><strong>cniusdam</strong></span> <span class='ocrx_word' id='word_1_212' title='bbox 690 3359 787 3426; x_wconf 88' lang='lat' dir='ltr'><strong>oculis</strong></span> <span class='ocrx_word' id='word_1_213' title='bbox 807 3359 889 3426; x_wconf 90' lang='lat' dir='ltr'><strong>hano</strong></span> <span class='ocrx_word' id='word_1_214' title='bbox 910 3359 1051 3426; x_wconf 84' lang='lat' dir='ltr'><strong>fraudem</strong></span> <span class='ocrx_word' id='word_1_215' title='bbox 1068 3361 1159 3438; x_wconf 86' lang='lat' dir='ltr'><strong>fecit,</strong></span> <span class='ocrx_word' id='word_1_216' title='bbox 1179 3373 1217 3426; x_wconf 94' lang='lat' dir='ltr'><strong>ut</strong></span> <span class='ocrx_word' id='word_1_217' title='bbox 1233 3361 1319 3426; x_wconf 82' lang='lat' dir='ltr'><strong>Aeon·</strong></span> 
     </span>
    </p>

    <p class='ocr_par' dir='ltr' id='par_1_6' title="bbox 248 3467 1319 3562">
     <span class='ocr_line' id='line_1_28' title="bbox 248 3467 1319 3562; baseline -0.002 -28"><span class='ocrx_word' id='word_1_218' title='bbox 248 3471 379 3535; x_wconf 81' lang='lat' dir='ltr'><strong>satirum</strong></span> <span class='ocrx_word' id='word_1_219' title='bbox 399 3467 436 3538; x_wconf 85' lang='grc' dir='ltr'><strong>τό</strong></span> <span class='ocrx_word' id='word_1_220' title='bbox 454 3493 511 3558; x_wconf 87' lang='lat' dir='ltr'><strong>pro</strong></span> <span class='ocrx_word' id='word_1_221' title='bbox 532 3472 677 3539; x_wconf 82' lang='lat' dir='ltr'><strong>Genitivo</strong></span> <span class='ocrx_word' id='word_1_222' title='bbox 696 3479 754 3540; x_wconf 76' lang='grc' dir='ltr'><strong>τοῦ</strong></span> <span class='ocrx_word' id='word_1_223' title='bbox 773 3475 913 3562; x_wconf 83' lang='lat' dir='ltr'><strong>legeret?</strong></span> <span class='ocrx_word' id='word_1_224' title='bbox 957 3474 1052 3560; x_wconf 81' lang='lat' dir='ltr'><strong>Atqui</strong></span> <span class='ocrx_word' id='word_1_225' title='bbox 1074 3471 1179 3540; x_wconf 83' lang='lat' dir='ltr'><strong>omnia</strong></span> <span class='ocrx_word' id='word_1_226' title='bbox 1202 3475 1280 3540; x_wconf 90' lang='lat' dir='ltr'><strong>inter</strong></span> <span class='ocrx_word' id='word_1_227' title='bbox 1295 3489 1319 3533; x_wconf 86' lang='lat' dir='ltr'><strong>se</strong></span> 
     </span>
    </p>

    <p class='ocr_par' dir='ltr' id='par_1_7' title="bbox 249 3583 1319 3682">
     <span class='ocr_line' id='line_1_29' title="bbox 249 3583 1319 3682; baseline -0.004 -32"><span class='ocrx_word' id='word_1_228' title='bbox 249 3583 327 3650; x_wconf 85' lang='lat' dir='ltr'><strong>adeo</strong></span> <span class='ocrx_word' id='word_1_229' title='bbox 352 3586 549 3650; x_wconf 90' lang='lat' dir='ltr'><strong>consentiunt</strong></span> <span class='ocrx_word' id='word_1_230' title='bbox 578 3587 736 3672; x_wconf 86' lang='lat' dir='ltr'><strong>exemplu,</strong></span> <span class='ocrx_word' id='word_1_231' title='bbox 768 3599 804 3651; x_wconf 92' lang='lat' dir='ltr'><strong>ut</strong></span> <span class='ocrx_word' id='word_1_232' title='bbox 828 3586 906 3652; x_wconf 87' lang='lat' dir='ltr'><strong>nihil</strong></span> <span class='ocrx_word' id='word_1_233' title='bbox 927 3598 1047 3669; x_wconf 77' lang='lat' dir='ltr'><strong>mutare</strong></span> <span class='ocrx_word' id='word_1_234' title='bbox 1066 3586 1177 3682; x_wconf 76' lang='lat' dir='ltr'><strong>ausim.</strong></span> <span class='ocrx_word' id='word_1_235' title='bbox 1224 3585 1319 3650; x_wconf 87' lang='lat' dir='ltr'><strong>Dicere</strong></span> 
     </span>
    </p>

    <p class='ocr_par' dir='ltr' id='par_1_8' title="bbox 218 3693 1318 3902">
     <span class='ocr_line' id='line_1_30' title="bbox 251 3693 1318 3786; baseline -0.001 -23"><span class='ocrx_word' id='word_1_236' title='bbox 251 3699 359 3765; x_wconf 85' lang='lat' dir='ltr'><strong>saltem</strong></span> <span class='ocrx_word' id='word_1_237' title='bbox 389 3709 540 3784; x_wconf 84' lang='lat' dir='ltr'><strong>praestat,</strong></span> <span class='ocrx_word' id='word_1_238' title='bbox 573 3717 700 3766; x_wconf 76' lang='lat' dir='ltr'><strong>usurum</strong></span> <span class='ocrx_word' id='word_1_239' title='bbox 736 3700 888 3786; x_wconf 86' lang='lat' dir='ltr'><strong>scripsisse</strong></span> <span class='ocrx_word' id='word_1_240' title='bbox 918 3693 1102 3780; x_wconf 72' lang='grc' dir='ltr'><strong><em>ἄνεθοῖλετε,</em></strong></span> <span class='ocrx_word' id='word_1_241' title='bbox 1133 3711 1170 3764; x_wconf 86' lang='lat' dir='ltr'><strong>ut</strong></span> <span class='ocrx_word' id='word_1_242' title='bbox 1197 3697 1318 3786; x_wconf 75' lang='lat' dir='ltr'><strong>Philip-</strong></span> 
     </span>
     <span class='ocr_line' id='line_1_31' title="bbox 218 3811 1318 3902; baseline -0.001 -25"><span class='ocrx_word' id='word_1_243' title='bbox 218 3843 220 3846; x_wconf 54' lang='grc'>’</span> <span class='ocrx_word' id='word_1_244' title='bbox 240 3835 364 3902; x_wconf 78' lang='lat' dir='ltr'><strong>penses</strong></span> <span class='ocrx_word' id='word_1_245' title='bbox 385 3812 424 3878; x_wconf 83' lang='lat' dir='ltr'><strong>ad</strong></span> <span class='ocrx_word' id='word_1_246' title='bbox 445 3812 579 3898; x_wconf 81' lang='lat' dir='ltr'><strong>priscam</strong></span> <span class='ocrx_word' id='word_1_247' title='bbox 598 3814 833 3900; x_wconf 76' lang='lat' dir='ltr'><strong>prosperitatem</strong></span> <span class='ocrx_word' id='word_1_248' title='bbox 854 3813 977 3880; x_wconf 88' lang='lat' dir='ltr'><strong>rediisse</strong></span> <span class='ocrx_word' id='word_1_249' title='bbox 996 3811 1200 3902; x_wconf 82' lang='lat' dir='ltr'><strong>significaret,</strong></span> <span class='ocrx_word' id='word_1_250' title='bbox 1223 3829 1318 3899; x_wconf 83' lang='lat' dir='ltr'><strong>quem·</strong></span> 
     </span>
    </p>

    <p class='ocr_par' dir='ltr' id='par_1_9' title="bbox 247 3923 1317 4020">
     <span class='ocr_line' id='line_1_32' title="bbox 247 3923 1317 4020; baseline -0.007 -29"><span class='ocrx_word' id='word_1_251' title='bbox 247 3925 418 4018; x_wconf 82' lang='lat' dir='ltr'><strong>admodum</strong></span> <span class='ocrx_word' id='word_1_252' title='bbox 443 3925 544 4020; x_wconf 79' lang='lat' dir='ltr'><strong>Verba</strong></span> <span class='ocrx_word' id='word_1_253' title='bbox 555 3925 711 4015; x_wconf 81' lang='lat' dir='ltr'><strong>florendi</strong></span> <span class='ocrx_word' id='word_1_254' title='bbox 728 3937 761 4020; x_wconf 84' lang='lat' dir='ltr'><strong>et</strong></span> <span class='ocrx_word' id='word_1_255' title='bbox 779 3927 999 4014; x_wconf 82' lang='lat' dir='ltr'><strong>germinandi</strong></span> <span class='ocrx_word' id='word_1_256' title='bbox 1024 3923 1107 4012; x_wconf 84' lang='lat' dir='ltr'><strong>apud</strong></span> <span class='ocrx_word' id='word_1_257' title='bbox 1128 3925 1256 3994; x_wconf 84' lang='lat' dir='ltr'><strong>Veteres</strong></span> <span class='ocrx_word' id='word_1_258' title='bbox 1271 3939 1317 4008; x_wconf 90' lang='lat' dir='ltr'><strong>per</strong></span> 
     </span>
    </p>

    <p class='ocr_par' dir='ltr' id='par_1_10' title="bbox 245 4038 1321 4132">
     <span class='ocr_line' id='line_1_33' title="bbox 245 4038 1321 4132; baseline -0.004 -28"><span class='ocrx_word' id='word_1_259' title='bbox 245 4040 455 4128; x_wconf 83' lang='lat' dir='ltr'><strong>Motaphoram</strong></span> <span class='ocrx_word' id='word_1_260' title='bbox 487 4038 525 4105; x_wconf 86' lang='lat' dir='ltr'><strong>de</strong></span> <span class='ocrx_word' id='word_1_261' title='bbox 549 4063 719 4132; x_wconf 78' lang='lat' dir='ltr'><strong>prospero</strong></span> <span class='ocrx_word' id='word_1_262' title='bbox 734 4093 735 4096; x_wconf 63' lang='lat'>,</span> <span class='ocrx_word' id='word_1_263' title='bbox 751 4064 863 4109; x_wconf 83' lang='lat' dir='ltr'><strong>rerum</strong></span> <span class='ocrx_word' id='word_1_264' title='bbox 886 4051 983 4120; x_wconf 68' lang='lat' dir='ltr'><strong>stota:</strong></span> <span class='ocrx_word' id='word_1_265' title='bbox 1016 4049 1223 4126; x_wconf 81' lang='lat' dir='ltr'><strong>usurpantur:</strong></span> <span class='ocrx_word' id='word_1_266' title='bbox 1257 4055 1321 4102; x_wconf 87' lang='lat' dir='ltr'><strong>eum</strong></span> 
     </span>
    </p>
   </div>
   <div class='ocr_carea' id='block_1_3' title="bbox 247 4185 475 4196">
    <p class='ocr_par' dir='ltr' id='par_1_11' title="bbox 247 4185 475 4196">
     <span class='ocr_line' id='line_1_34' title="bbox 247 4185 475 4196; baseline 0.009 -2"><span class='ocrx_word' id='word_1_267' title='bbox 247 4185 382 4196; x_wconf 55' lang='lat' dir='ltr'><strong>m-</strong></span> <span class='ocrx_word' id='word_1_268' title='bbox 390 4189 475 4196; x_wconf 52' lang='grc' dir='ltr'><strong>...οι-...-</strong></span> 
     </span>
    </p>
   </div>
   <div class='ocr_carea' id='block_1_4' title="bbox 283 4275 1241 4350">
    <p class='ocr_par' dir='ltr' id='par_1_12' title="bbox 283 4275 1241 4350">
     <span class='ocr_line' id='line_1_35' title="bbox 283 4275 1241 4350; baseline 0.004 -26"><span class='ocrx_word' id='word_1_269' title='bbox 283 4275 320 4346; x_wconf 80' lang='grc'><strong>(1)</strong></span> <span class='ocrx_word' id='word_1_270' title='bbox 338 4277 396 4326; x_wconf 78' lang='lat' dir='ltr'><strong>vido</strong></span> <span class='ocrx_word' id='word_1_271' title='bbox 415 4289 508 4342; x_wconf 76' lang='lat' dir='ltr'><strong>praeter</strong></span> <span class='ocrx_word' id='word_1_272' title='bbox 528 4291 676 4330; x_wconf 79' lang='lat' dir='ltr'><strong>srararsor</strong></span> <span class='ocrx_word' id='word_1_273' title='bbox 695 4277 798 4346; x_wconf 79' lang='lat' dir='ltr'><strong>aliosque</strong></span> <span class='ocrx_word' id='word_1_274' title='bbox 818 4279 1001 4346; x_wconf 78' lang='lat' dir='ltr'><strong>Lericographos</strong></span> <span class='ocrx_word' id='word_1_275' title='bbox 1021 4290 1139 4336; x_wconf 68' lang='lat' dir='ltr'><strong>nmmos.</strong></span> <span class='ocrx_word' id='word_1_276' title='bbox 1157 4295 1182 4350; x_wconf 88' lang='lat' dir='ltr'><strong>p.</strong></span> <span class='ocrx_word' id='word_1_277' title='bbox 1200 4279 1241 4328; x_wconf 76' lang='lat'><strong>8²·</strong></span> 
     </span>
    </p>
   </div>
   <div class='ocr_carea' id='block_1_5' title="bbox 0 0 1423 5028">
    <p class='ocr_par' dir='ltr' id='par_1_13' title="bbox 0 0 1423 5028">
     <span class='ocr_line' id='line_1_36' title="bbox 0 0 1423 5028; baseline 0 0"><span class='ocrx_word' id='word_1_278' title='bbox 0 0 1423 5028; x_wconf 95' lang='lat' dir='ltr'><strong> </strong></span> 
     </span>
    </p>
   </div>
  </div>
 </body>
</html>
