2856 5028
202 425 205 431 .
308 377 348 440 te
649 397 716 439 cnr.
740 377 764 440 1.
789 397 874 441 runs.
901 383 957 452 16,
985 379 1034 440 17.

305 562 434 626 internis
455 563 504 625 vel
528 585 566 624 cx
589 562 654 646 ipsa
678 562 938 647 orationepetitis.
961 547 1097 628 Utivero
1115 561 1360 651 haecergumenta

306 676 413 763 exigui
439 675 583 760 ponderis
607 699 671 740 esso
694 686 823 740 monent
841 697 1060 741 umnurcassos
1082 686 1113 740 et
1136 699 1360 757 aprrswsmus,

305 791 347 854 ita
369 811 522 854 mosius
545 787 591 878 (1)
626 788 709 854 haud
737 789 845 854 leviter
875 799 982 854 contra
1006 789 1218 855 traiectionem
1237 789 1360 875 disputat.
1404 869 1405 872 Ἴ

304 905 343 967 Et
373 926 445 968 sane
477 903 501 966 si
531 902 659 972 consilio
690 904 838 980 auctoris,
870 904 925 989 qui
963 904 997 968 in
1038 901 1197 970 laudandis
1226 903 1362 968 effectibus
1404 957 1405 960 ,

277 1097 280 1102 1
306 1015 487 1101 captivitatis
507 1037 579 1080 suae
600 1026 753 1092 versatur,
773 1037 882 1080 rerum
904 1015 1007 1080 metiri
1026 1015 1115 1092 lieet,
1139 1013 1309 1080 retinendus
1329 1027 1363 1078 est

306 1123 381 1194 ordo
404 1130 554 1216 vulgaris,
580 1150 643 1214 qno
662 1116 887 1216 indignioribus
910 1131 1037 1194 cnarsrr
1056 1129 1259 1214 praeconibus
1275 1129 1363 1216 digni.

306 1265 373 1307 ores
393 1252 629 1327 postponuntur.
676 1242 768 1323 Quod
788 1242 865 1308 adeo
887 1254 991 1308 tamen
1014 1243 1049 1306 in
1066 1243 1172 1308 oculos
1184 1225 1252 1309 ⁸uon
1272 1244 1363 1309 incur-

260 1421 270 1430 ,,
306 1356 361 1433 rit,
385 1367 420 1420 ut
443 1354 591 1420 credibile
614 1356 652 1420 sit
671 1354 829 1442 homiues,
843 1357 949 1440 quales
967 1367 1065 1421 aetate
1076 1356 1179 1423 media
1193 1357 1363 1422 librariiesso

307 1469 462 1545 solebant,
490 1491 527 1532 eo
549 1468 696 1554 impulsos
721 1491 785 1532 esse
807 1467 846 1532 ad
872 1469 1026 1553 exempla,
1050 1490 1130 1555 quae
1157 1468 1361 1541 describerent,
1404 1503 1405 1508 κ

307 1580 490 1658 deserenda,
521 1582 545 1646 si
572 1581 765 1669 dignioribus
786 1581 831 1645 ihi
853 1581 1041 1669 indigniores
1064 1582 1244 1668 postpositos
1264 1579 1363 1666 reperi·
1404 1641 1405 1660 ξ

202 1718 209 1732 ·
307 1706 384 1760 rent.
431 1696 612 1761 Praesertim
640 1695 815 1764 mirandum
839 1707 898 1774 est,
924 1716 1178 1762 ouarsosrosrou
1199 1705 1230 1760 et
1251 1695 1363 1759 Graecos
1404 1729 1405 1760 ς

306 1810 370 1874 lere
401 1831 507 1875 omnes
531 1831 604 1874 oum
627 1807 768 1872 Editione
796 1820 920 1893 recepta
943 1809 1126 1875 consentire.
1173 1810 1279 1895 ltaque
1298 1804 1363 1870 haud

305 1921 384 1998 scio,
415 1944 456 1986 an
488 1922 557 2006 quis
579 1921 716 2006 primum
745 1921 865 1986 incuria
887 1899 1041 1986 traiecerit
1064 1921 1159 2000 illud,
1184 1921 1267 2009 quod
1295 1939 1363 1982 nunc

307 2035 398 2120 vulgo
414 2033 537 2119 ‘editum
561 2044 620 2112 est3
644 2032 696 2096 alii
719 2055 791 2098 roro
811 2044 914 2118 postea
933 2031 1161 2114 traiectiouem,
1187 2058 1256 2121 pars
1278 2032 1362 2098 sarri·
1404 2023 1405 2080 ἒ

303 2146 389 2224 liter,
423 2147 676 2233 propagaverint,
700 2170 770 2232 pars
793 2149 941 2225 maxime,
966 2161 1002 2213 ut
1022 2151 1115 2214 verba
1138 2151 1169 2216 οἱ
1186 2149 1245 2234 ’μέν
1263 2149 1298 2212 ad
1317 2167 1362 2208 no
1404 2115 1405 2198 l

303 2283 376 2327 men
398 2261 540 2346 propius,
559 2261 592 2326 ol
611 2259 648 2327 δέ
666 2260 705 2325 ad
724 2261 885 2339 remotius,
907 2261 1170 2348 quemadmodum
1189 2264 1223 2328 in
1242 2281 1363 2327 sermone

223 2447 225 2450 ,
302 2353 410 2440 Latino
440 2375 479 2438 Iri
500 2386 530 2439 et
557 2375 629 2452 illi,
659 2375 857 2442 referrentur.
903 2377 994 2443 Tanti
1016 2389 1182 2442 certenon
1201 2377 1280 2442 duco
1299 2393 1363 2462 quae
1404 2349 1405 2442 l

301 2502 410 2556 contre
431 2488 641 2574 disputantur,
660 2499 695 2551 ut
717 2487 857 2554 ordinem
878 2491 1118 2556 mutareausim.
1136 2489 1241 2556 'Alius
1262 2485 1363 2576 generis

302 2614 347 2668 est
372 2603 594 2679 controversia,
621 2613 727 2672 utrum
749 2603 922 2688 genuinum
942 2604 980 2668 sit
1000 2604 1130 2669 verbum
1150 2603 1315 2692 ἐπιφέρειν,
1332 2621 1363 2662 ao
1404 2593 1405 2650 l

299 2715 424 2802 ἐγείρειν.
469 2716 536 2780 lam
564 2713 625 2780 hoo
650 2714 778 2800 quidem
792 2715 987 2788 ,testimoniis
1015 2717 1166 2785 Veterum
1188 2742 1250 2784 non
1272 2715 1362 2780 nititur

300 2827 504 2914 gravioribus,
538 2849 632 2914 quam
664 2827 757 2905 illud,
773 2829 838 2893 oui
868 2828 1040 2914 patrocinio
1065 2842 1110 2895 est
1132 2832 1320 2898 Graecorum
1340 2836 1362 2888 el

298 2938 384 3028 Syri
410 2941 614 3027 antiquissimi
639 2941 818 3021 auctoritas3
844 2940 955 3008 sedeo
978 2944 1120 3022 nornine,
1143 2957 1181 3010 ut
1201 2946 1281 3011 bone
1302 2938 1362 3005 vidit
1404 2987 1405 3058 p

296 3076 517 3132 usrrnmsrus,
549 3076 654 3140 rursus
684 3053 934 3134 commendatur,
967 3056 1050 3143 quod
1077 3059 1208 3124 orationi
1237 3051 1362 3123 nonnihil
1404 3067 1405 3156 t

233 3237 235 3247 Ι
277 3167 383 3233 affert
414 3167 617 3246 difficultatis,
654 3189 748 3254 quam
779 3191 841 3232 uon
865 3162 958 3234 habet
979 3170 1121 3237 alterum.
1166 3173 1361 3241 Aaronom
1404 3167 1405 3244 ἶ

295 3295 400 3348 tamen
422 3283 464 3346 ito
485 3281 724 3368 praeponderat,
750 3293 786 3346 ut
802 3304 912 3348 manus
932 3283 1065 3348 auctoris
1082 3284 1153 3349 satis
1168 3297 1256 3350 certo
1274 3302 1360 3370 agno-

295 3407 405 3462 scatur.
452 3395 686 3464 Distinotionem
715 3395 800 3483 quod
823 3397 947 3476 attinet,
972 3420 1035 3464 non
1059 3395 1185 3478 dubito,
1217 3399 1293 3486 quin
1313 3395 1360 3459 ob
1404 3391 1405 3474 l

282 3508 530 3593 ¹temperandum
556 3509 594 3572 sit
613 3529 838 3587 ourasrsouro,
860 3510 914 3596 qui
938 3511 1038 3576 verbis
1060 3510 1091 3577 οἱ
1111 3512 1226 3596 piri}
1244 3506 1361 3598 ἐριθείας

293 3624 417 3714 comma
433 3621 564 3686 subiicit.
611 3622 708 3688 Sicuti
726 3623 809 3688 enim
831 3636 915 3691 reete
937 3635 1127 3692 monuerunt
1151 3637 1360 3690 amnurcnsrus

232 3751 236 3758 ’
290 3733 423 3820 aliique,
446 3735 708 3819 comparationem
731 3735 793 3800 loci
813 3737 918 3802 similis
938 3736 1032 3804 Rom.
1050 3739 1098 3802 ll:
1122 3742 1142 3806 Θ
1167 3737 1310 3812 suadere,
1333 3739 1361 3794 ul
1404 3759 1405 3850 p

291 3846 545 3937 illai'separentur
564 3847 603 3911 ab
624 3847 789 3930 adiunctis;
815 3851 859 3916 sic
881 3872 943 3916 una
955 3851 1127 3938 eademque
1143 3847 1358 3918 enunciationes
1404 3859 1405 3926 l

293 3985 333 4028 ne
357 3961 469 4091 agisere
497 3961 642 4046 langueat
667 3963 779 4040 oratio,
804 3963 1024 4048 comprehendi
1046 3976 1208 4051 nequeunt
1231 3983 1303 4030 cum
1319 3979 1363 4022 sc·

284 4123 551 4162 ..u—...ahqu-n--n—-a
704 4131 707 4141 ι
832 4105 842 4136 ¹-
1235 4112 1237 4118 ,
1404 4107 1405 4140 l

287 4257 292 4264 »
326 4223 367 4292 (1)
392 4227 595 4292 opusc-Theoi
625 4235 654 4290 p:
670 4227 716 4286 ³0,
734 4228 776 4277 ³1.
800 4188 935 4276 ¹llrrsosruu
952 4228 1078 4293 praecessit
1096 4201 1348 4288 ssrrsssosssodst
1404 4211 1405 4304 l

293 4336 355 4370 more
373 4337 429 4380 suo,
449 4319 531 4401 acrius-
543 4316 672 4388 dispulsos.
709 4316 744 4366 ab
762 4318 840 4368 eadem
859 4331 925 4384 parte
947 4331 994 4370 stat
1010 4321 1078 4370 nos.
1101 4315 1170 4370 Test.
1190 4316 1270 4384 Volp.
1404 4319 1405 4328 ³
