2812 5032
440 398 507 441 cnr.
533 377 570 441 ll.
597 383 759 442 vsns.'13.
1072 386 1132 445 173

80 569 184 654 talpae,
200 557 377 650 suspensum
396 573 498 630 tamen
522 575 662 630 tenentes
681 566 830 630 lectorem
850 563 889 628 ad
911 547 1133 650 quaestionem,

78 683 210 766 quaenam
229 673 303 742 haee
325 675 477 762 elegantia
499 678 546 743 sit.
591 677 706 764 Utique
734 678 799 763 ipsa
825 678 983 756 locorum,
1008 678 1062 765 qui
1084 680 1134 744 at-

78 794 215 869 teruntur,
238 789 377 873 exempla
399 787 528 868 docent,
549 787 608 856 hac
630 789 786 855 scribendi
806 791 924 856 ratione
943 775 1134 857 hominesde

76 903 202 969 industria
223 902 284 981 uti,
309 901 334 966 si
356 900 493 967 indicare
514 903 626 982 uelint,
649 903 841 982 subiectum,
865 905 949 991 quod
971 929 1066 993 agens
1081 899 1134 971 iir-

76 1016 195 1094 ducitur,
223 1015 282 1081 hoc
312 1015 439 1083 nomine
471 1016 511 1081 ab
545 1017 605 1082 alio
635 1017 738 1082 aliisve
768 1014 923 1082 diversum
956 1039 1029 1084 esse.
1061 1017 1134 1086 ¹Sic

74 1129 140 1194 Luc.
158 1127 263 1194 XXII:
287 1133 349 1197 28:
375 1128 474 1213 Ὑμεῖς
499 1128 537 1196 δέ
562 1133 629 1198 ἐστε
657 1131 687 1196 οἱ
706 1120 1036 1217 διαμεμενηκότεξμεθ
1056 1133 1136 1215 ἐμοῦ

73 1254 118 1307 eet.
139 1241 251 1308 Ioanu.
273 1243 332 1312 VI:
356 1247 414 1309 63:
449 1239 496 1308 To*
514 1232 634 1332 πνεῶμά
656 1245 720 1310 ἔστι
740 1240 777 1310 τιν’
796 1241 974 1322 geometr.
1010 1247 1024 1307 1
1055 1243 1132 1312 Oor.
1179 1267 1184 1275 ⁸

71 1355 134 1420 llll:
154 1361 188 1424 6:
219 1358 254 1424 '0
280 1355 317 1422 δὲ
343 1354 433 1432 αῶτός
454 1355 542 1440 [ἔστι]
564 1351 639 1430 (dede
658 1353 675 1420 ὁ
694 1356 820 1440 ἓνεργῶν
839 1353 880 1422 rol
898 1351 999 1423 πάντα
1019 1359 1053 1424 ἐν
1072 1363 1134 1424 νεῶ-

24 1535 28 1548 ,
72 1491 110 1535 σιν
129 1465 181 1559 (1)
218 1469 334 1556 ltaque
356 1469 474 1534 Graeca
498 1487 571 1533 cum
592 1487 669 1531 oum
693 1465 850 1533 reddenda
871 1479 963 1553 puto:
988 1468 1133 1560 Densis

72 1590 123 1660 eet,
142 1586 198 1671 φιν·
217 1584 334 1673 efficit,
360 1581 446 1670 quod
467 1579 553 1645 huuc
572 1601 698 1644 sensum
717 1579 825 1646 babet:
848 1603 940 1646 nemo
959 1583 1053 1647 alans
1074 1585 1133 1673 ef-

65 1695 157 1780 sertor
185 1706 253 1777 est,
289 1720 388 1787 qaam
418 1699 491 1785 ipse
520 1693 619 1762 Beue.
665 1694 813 1760 Similiter
841 1695 1028 1774 recentiores
1050 1719 1132 1764 nou-

70 1810 134 1874 uulli
155 1810 354 1899 interpretes,
377 1809 557 1896 nuperrime
575 1829 746 1874 scururros.
792 1808 859 1874 lam
881 1810 906 1874 si
918 1809 1032 1874 dicitur
1050 1811 1131 1876 Deus

68 1921 175 2008 ἐνεργῶν
193 1928 226 1992 ἓν
245 1927 337 2010 ὑμῖν,
358 1928 394 1989 iu
416 1925 522 2002 vobis,
546 1921 746 1988 hauddubie
768 1921 901 1986 illa-Dei
925 1926 962 1988 ι’νι
985 1923 1128 2015 Pda'lz'p·
1233 2003 1238 2012 ,

62 2041 195 2120 peretum
227 2042 359 2105 animos
390 2037 579 2126 significatur
608 2035 803 2126 efficacitas,
836 2057 934 2123 quam
966 2039 1130 2124 Apostolus

66 2145 125 2212 alibi
146 2151 271 2238 Spiritui
295 2154 409 2218 Sancto
435 2151 552 2218 tribuit.
575 2151 675 2236 Supra
697 2151 759 2216 iam
779 2151 897 2216 attulil
917 2150 992 2217 Cor.
1006 2153 1076 2218 XII:
1090 2159 1127 2221 6:
1206 2195 1209 2200 -

64 2257 93 2334 ‘0
108 2265 226 2354 ἐνεργῶν
243 2267 285 2335 τῶ
304 2263 405 2334 πάντα
424 2268 458 2332 ἐν
476 2271 563 2333 πᾶσι.
608 2264 697 2329 Adde
730 2263 807 2331 Gal.
841 2266 900 2330 III:
935 2271 971 2334 5:
1003 2269 1128 2355 ἐνεργῶν
1163 2292 1166 2297 ·
1217 2289 1239 2360 ᾗ

62 2366 186 2460 δυνάμεις
203 2383 238 2448 ἐν
256 2381 350 2464 ῶμῖνε
371 2375 446 2444 item
470 2379 557 2446 Test.
577 2371 637 2444 XII
654 2379 753 2460 Pete.
781 2379 802 2445 l.
832 2379 853 2444 l.
876 2401 908 2465 p.
930 2385 1012 2447 538:
1037 2384 1128 2445 Φθν-
1179 2433 1190 2456 ,

61 2482 102 2562 ’ὃς
124 2489 175 2556 oo’rr
200 2493 239 2584 ἐᾷ
264 2489 322 2579 τήν
345 2487 463 2558 σύνεσιν
487 2493 522 2558 ἐν
541 2487 714 2579 ἀνθρώποις
732 2493 866 2577 ἐνεργεῖν.
913 2491 997 2573 Quid
1023 2503 1127 2557 autem

61 2593 128 2663 lleus
155 2603 284 2682 efficiat,
307 2604 470 2690 perspicue
491 2603 604 2669 docent
629 2604 721 2668 verba
745 2604 795 2669 καὶ
825 2600 862 2669 ro*
886 2601 989 2670 θέλειν
1018 2605 1068 2669 καὶ
1092 2601 1129 2670 ed

59 2710 184 2799 ἐνεργεῖν,
210 2738 348 2809 quorum
371 2716 511 2782 brevitati
533 2715 591 2782 bac
612 2715 889 2809 circmnlooutione
907 2729 1125 2783 succurretur:
1149 2767 1154 2776 .

59 2827 303 2895 elooluntatem
335 2840 468 2896 vestrae
496 2833 666 2896 dealitatis
690 2829 940 2920 perficiendae,
971 2832 1127 2896 etherius

57 2938 221 3008 uoluntatis
254 2945 481 3033 exsequendae
512 2945 750 3036 efficacitatem.
796 2944 900 3010 Recte
920 2943 1005 3008 enim
1026 2965 1127 3010 vuum

58 3059 83 3111 tl
100 3075 231 3124 mesmes
255 3057 444 3147 Vulgarum
462 3057 694 3145 reprehendunt
716 3057 891 3136 Latinum,
919 3057 974 3143 qui
997 3055 1127 3120 lufiniti-

57 3181 117 3232 ΝΠ]
144 3174 275 3262 ἐνεργεῖν
298 3172 434 3238 reddidit
457 3171 644 3263 perficere,
669 3170 871 3256 Partioipium
896 3191 976 3234 vvero
1003 3172 1129 3257 ἐνεργῶν
1195 3182 1201 3198 ·

57 3289 210 3364 quarm.
258 3286 358 3351 Recte
388 3285 464 3352 item
498 3307 636 3351 coortos
659 3295 828 3378 utrumque
852 3280 888 3352 ro*
917 3279 1019 3348 θέλειν
1039 3292 1070 3345 et
1091 3281 1129 3350 td

55 3391 167 3480 ἐνεργεῖν
197 3397 238 3464 ad
265 3399 536 3489 Phileppenea'um
567 3399 661 3464 refert
695 3397 832 3463 officium
863 3417 954 3480 supra
985 3391 1129 3480 proposi-

56 3512 121 3574 ΗΠΒ.
165 3511 230 3577 Sed
264 3533 402 3600 quonam
431 3513 500 3579 iure
526 3513 584 3583 Vir
605 3534 744 3585 summus
765 3509 801 3580 ad
820 3508 923 3578 θέλειν
950 3507 1128 3572 revelationi

54 3622 266 3719 promissorum
299 3627 498 3706 Divinorum,
522 3625 558 3695 td
577 3607 703 3716 ἐνεργεῖν
735 3623 864 3712 Spiritui
886 3623 999 3688 Sancto
1022 3619 1128 3686 deberi

52 3734 215 3820 scripserit,
249 3739 398 3828 equidem
427 3763 491 3806 non
513 3740 663 3827 intelligo.
709 3721 819 3825 Neque
839 3734 980 3802 assentiri
1004 3755 1128 3822 possum

52 3841 286 3936 luterpretibus‚
308 3853 455 3941 quicum
473 3871 665 3919 uomurusro
685 3862 828 3932 censent,
851 3849 992 3919 Verbum
1005 3849 1129 3932 ἐνεργεῖν

54 4015 281 4041 w

78 4129 116 4199 (1)
133 4115 208 4186 Plutia
227 4135 304 4188 huius
320 4135 415 4187 dicendi
434 4137 533 4185 rationis
550 4131 658 4199 exempla
678 4133 735 4182 locis
754 4133 835 4182 insunt
856 4131 973 4196 congestis
985 4147 999 4176 a
1016 4141 1129 4192 tuorum,

48 4219 106 4272 Part.
127 4227 148 4276 l.
176 4245 202 4295 p.
228 4213 286 4279 240*
309 4245 363 4297 sqq.
387 4237 411 4278 et
433 4241 551 4289 tutuno,
569 4239 593 4292 p.
617 4227 675 4278 luo.
711 4221 784 4274 Valde
802 4223 879 4273 simile
896 4237 991 4290 quoque
1009 4231 1046 4269 est
1066 4213 1131 4286 qdod

47 4310 140 4386 legimus
155 4321 222 4388 apud
239 4335 364 4396 euterun,
382 4322 471 4374 Fater.
481 4321 556 4371 XXV:
573 4319 625 4385 tyb
634 4321 685 4387 γὰρ
697 4321 755 4380 εἰμὶ
767 4318 781 4368 ὁ
793 4319 839 4388 ναὶ
850 4315 919 4380 ὑμᾶς
928 4311 1018 4372 ἀὐτὰς
1030 4314 1130 4380 σώζειν.
