2808 5032
225 427 245 476 -'
488 451 556 494 car.
579 429 619 494 11.
643 451 728 496 vnns.
752 431 804 494 25.
965 432 968 435 ’
1104 437 1185 498 οῑθῖ

1 591 2 596 ¹
109 613 250 700 plerique
279 622 405 678 censent
435 612 621 698 interpretes
652 623 683 676 st
706 611 772 696 ipse
790 610 917 676 alibil
887 607 935 702 (1.)
964 611 1053 682 haud
1069 625 1185 684 temese

109 728 249 793 sumsisse
264 725 353 790 mihi
383 725 502 808 videon
532 726 575 792 ita
606 735 637 792 et
666 723 868 792 coniunctum
897 725 1005 794 docet
1001 729 1186 799 pronomen

107 841 213 923 ὑμῶν,
244 852 275 906 et
303 839 441 907 subiecta
466 840 599 906 formula
622 837 846 927 λειτοοογόν
805 865 874 927 της
880 840 984 930 χρείας
1003 851 1084 925 pon,
1109 863 1189 930 qnae

95 976 180 1018 ¹enm
201 957 396 1018 mataislrnm
385 951 676 1046 Philippensium
697 952 791 1018 inisse
808 951 977 1040 significat,
997 957 1186 1032 οοοοΜία

106 1065 566 1158 Apostolosnppeditoatem.
603 1065 648 1132 cf.
675 1086 752 1136 nana
780 1063 820 1130 ad
848 1062 880 1130 h.
909 1064 931 1130 Ι.
975 1048 1187 1136 Maarnrasrns

94 1181 241 1268 -quidem,
255 1180 370 1268 aliique
385 1179 444 1246 hao
461 1179 594 1246 formula
611 1177 731 1244 laudari
750 1178 842 1248 otiam
858 1178 1093 1264 putantjoffioia
1112 1182 1187 1246 sarii

95 1294 238 1382 generis,
260 1314 340 1379 quae
354 1311 598 1368 nonannonrros,
615 1312 689 1355 cum
702 1287 825 1356 Romae
843 1301 930 1368 esset,
949 1295 1188 1376 raoanzpraesti-

104 1407 191 1470 terit:
214 1405 266 1470 sel
281 1404 355 1470 huio
374 1405 540 1470 sententiae
561 1404 658 1470 obstat
674 1405 897 1489 interpretatio,
911 1427 1006 1492 quam
1023 1427 1089 1481 vox,
1100 1405 1187 1494 χρεία

102 1519 162 1604 sibi
192 1519 327 1605 postulat
358 1539 435 1604 cap..
448 1518 507 1586 IV:
535 1520 575 1584 16
604 1496 776 1603 ceterisque
795 1498 828 1582 in
849 1517 936 1588 locis.
951 1518 1115 1596 sinilibus,
1137 1519 1188 1584 sl.-

103 1631 172 1698 latis
197 1654 216 1696 a
244 1653 376 1710 snorro.
420 1631 485 1696 Nec
504 1629 601 1717 magis
625 1628 796 1698 andiendus
812 1643 1024 1720 ¹arar-naussrns
1046 1643 1108 1708 ¹ast,
1134 1632 1187 1698 ubi

103 1745 280 1828 contendit,
300 1743 504 1831 appellatione
519 1739 709 1823 ἀποστόλου,
729 1759 919 1831 quamquam
935 1745 1080 1832 legatam
1092 1746 1187 1831 signi-

103 1859 185 1946 ficet
199 1857 483 1946 Philippensium,
504 1855 597 1922 simul
616 1867 720 1922 tamen
739 1857 870 1949 spectari
893 1855 1091 1946 dignitatem
1106 1835 1202 1924 toa-s

100 1995 201 2062 quom
222 1971 468 2062 Apostolioam,
494 1991 588 2056 quam
607 1986 843 2036 nrarnaonrrus
863 1969 946 2056 apud
965 1993 1015 2042 eos
1032 1968 1185 2056 habuerit.

101 2085 248 2151 Notiones
270 2083 354 2148 eninr
375 2085 483 2173 legali
503 2084 667 2148 lominum
687 2094 718 2148 et
737 2081 899 2172 Apostoli
910 2083 979 2150 Bai
997 2084 1187 2152 selonarsrr

101 2200 162 2264 sibi
177 2204 298 2262 ‘mutuo
317 2208 380 2262 tam
400 2195 555 2282 oppositae
576 2207 663 2273 sunt,
689 2207 725 2260 ut
746 2196 843 2268 altera
862 2198 956 2283 plano
976 2197 1118 2262 excludat
1136 2197 1185 2260 al-

100 2325 211 2379 teram.
256 2310 360 2380 Verho
391 2320 496 2374 autem
523 2307 645 2402 πέμψαι
671 2309 718 2372 uti
748 2308 850 2394 potuit
877 2332 1010 2386 rannus,
1038 2309 1186 2396 quoniam

101 2446 188 2490 nuno
216 2445 478 2500 nrarnrmmron,
508 2424 600 2486 sosii
617 2429 649 2486 el
663 2419 832 2487 allisionis
862 2409 918 2486 siti
936 2425 1079 2497 nomme,
1105 2444 1184 2508 qna-

100 2539 165 2603 lem
195 2535 422 2602 comitemne
447 2531 613 2613 habuerat,
648 2521 828 2624 Philippos
857 2533 1015 2600 mittebat:
1054 2545 1089 2598 ut
1119 2533 1185 2599 sine

101 2672 195 2716 eausa
222 2651 407 2735 Interpretes
434 2647 539 2714 dicant
566 2653 695 2712 mettere
724 2646 888 2733 seriptum,
903 2671 968 2714 esse
993 2650 1185 2734 prorepit,-

98 2773 181 2829 tera.
212 2764 347 2828 Fortasse
369 2753 489 2839 tamen,
513 2771 548 2825 ut
571 2771 675 2826 censet
697 2783 884 2839 irrorares,
905 2784 969 2828 non
985 2760 1182 2846 ἀναπέμψαι,

97 2877 153 2942 sed
183 2875 304 2961 πέμψαι
333 2875 468 2961 scripsit,
502 2873 587 2961 quod
618 2897 855 2940 nrarsnoorros
878 2873 939 2940 hoc
966 2875 1093 2941 consilio
1114 2873 1183 2940 llo·

97 3013 187 3056 mam
210 2999 348 3068 venerat,
378 3000 415 3054 ut
436 2987 480 3055 ibi
503 3009 576 3054 eum
598 3011 700 3064 ranno
722 2999 871 3056 maneret.
895 3053 898 3060 ,
917 2989 1033 3056 Eodem
1056 3009 1182 3077 quoque

132 3250 171 3321 (1)
196 3253 331 3303 Auaototio
347 3259 394 3302 oet.
411 3267 438 3318 p.
458 3251 523 3317 los,
540 3253 603 3302 toa.
635 3251 809 3319 Disputationis
826 3260 906 3302 antam
923 3253 959 3300 sis
976 3267 1023 3300 non
1041 3249 1182 3316 infringitur

96 3363 142 3414 ao,
165 3343 230 3414 quod
253 3343 371 3394 Fealasiaa
386 3344 467 3394 Patres
483 3341 637 3410 appellatiohi
654 3341 830 3396 ‘Areooalloo
846 3341 945 3392 subinde
962 3341 1070 3392 latiorem
1087 3341 1182 3394 tribue-

95 3447 154 3488 runt
169 3437 302 3500 notionem,
320 3443 348 3484 nt
365 3433 471 3484 ostendit
486 3425 636 3510 suloeansin
652 3454 678 3487 v.
696 3437 755 3502 Quis
771 3438 849 3502 eninr,
868 3434 910 3484 hos
926 3434 1033 3486 homines
1043 3437 1069 3486 in
1078 3439 1183 3487 notioni-

94 3531 139 3580 bus
157 3527 299 3580 definiendis
314 3541 384 3594 saepe
400 3528 478 3594 lapsos
494 3543 558 3596 asae,
573 3529 669 3595 ignorat
679 3527 746 3597 aleo,
762 3538 791 3579 nt
807 3545 887 3578 eornm
897 3529 923 3578 in
932 3526 1092 3579 verbaiorare
1101 3507 1182 3579 rosit?

92 3623 184 3691 Utique
207 3619 295 3672 nollem
320 3636 421 3670 errorem
444 3629 599 3688 propagatum
620 3620 650 3672 ab
671 3619 849 3689 interpretibus
862 3632 966 3686 lustau,
986 3621 1057 3671 Hist.
1078 3623 1180 3672 Enalos.

93 3712 526 3782 nih.11.cap.at,ubinnen
542 3711 571 3764 ab
588 3723 683 3764 anctore
699 3730 748 3764 non
763 3715 877 3780 seriptum
894 3723 981 3797 potant
997 3715 1114 3784 Μάρκον
1131 3715 1180 3765 τὸν

93 3807 261 3862 ἀπόστολον
278 3807 327 3858 noi
353 3805 570 3874 εὐαγγελιστήν,
594 3805 635 3858 aad
654 3815 746 3856 tantuna
763 3807 880 3876 Μάρκον
898 3809 947 3858 τὸν
967 3806 1178 3874 alanyyalaovis.

94 3905 209 3954 Ceteram
225 3901 264 3954 tii.
283 3903 331 3963 lnt.
349 3899 421 3952 Alex.
439 3897 469 3950 al
486 3901 500 3948 l
520 3901 582 3966 lisy.
599 3899 667 3950 x1v=
685 3900 745 3950 Get
761 3911 832 3950 nn.
851 3899 881 3950 ad
893 3899 1091 3954 resxvl11·a.
1111 3897 1179 3962 Quod

93 3993 215 4060 nonnulli,
233 4002 362 4061 praeeunte
378 4004 541 4056 mosomo,
560 4008 590 4042 ex
605 3989 764 4060 appellatione
783 3987 958 4046 ’Assooao'loo
975 3999 1103 4053 emerunt,
1121 4003 1181 4038 ara-

91 4101 226 4139 rnaonrrun
251 4091 456 4157 Philippensium
478 4088 553 4138 inisse
579 4089 747 4156 Episoopom,
771 4089 815 4157 qni
832 4087 983 4156 Praabyteros
999 4084 1045 4134 sibi
1062 4083 1181 4134 subiectos

93 4182 205 4247 haberet,
222 4183 249 4232 in
265 4195 331 4230 raon
347 4199 394 4232 non
409 4180 512 4249 quadrat
527 4188 638 4232 aetatem.
658 4181 703 4232 eff.
721 4197 781 4250 qnaa
796 4193 885 4230 nenos
894 4177 1023 4246 disputavit
1034 4177 1065 4248 als
1080 4179 1178 4244 origine

93 4277 259 4326 arcator-itatis
281 4275 462 4342 Episcopontm
489 4277 519 4324 ln
539 4274 641 4328 Eooles.
663 4275 757 4328 stret.
781 4270 808 4325 in
825 4269 935 4339 Aretias
950 4287 1009 4322 ooor
1027 4271 1056 4320 la
1074 4269 1178 4322 Kartal.

96 4371 189 4420 Goaola.
206 4379 253 4420 oet.
272 4369 336 4421 Toni.
355 4369 389 4420 11.
407 4387 431 4436 p.
449 4371 462 4420 1
483 4387 533 4437 sqq.
635 4375 638 4380 '
