2808 5032
384 399 638 467 mellisam.
661 403 717 477 10,
744 403 793 464 ll.
1065 404 1131 466 233

71 603 151 669 quam
170 583 247 648 hacc
266 584 418 648 illustmre
435 595 590 670 poterunt.
635 584 777 649 Ceterum
799 581 1050 648 communionem
1066 597 1132 648 ma-

70 697 157 759 lorum
190 715 317 760 cuntem
349 697 511 781 Apostolus
540 696 712 761 efficacitati
738 695 944 760 redituseius
974 695 1008 760 in
1040 695 1133 760 sitam

69 808 239 893 postposuit,
261 809 408 894 quoniam
428 808 460 872 id
480 829 605 895 quoque
617 807 801 894 experientia
821 808 947 874 edoctus
965 819 1040 887 erat,
1052 807 1133 873 hano
1232 794 1234 800 ‚

68 921 187 985 maxime
207 920 290 985 illius
310 931 458 1007 tanquam
477 922 679 1008 propaginem
700 944 774 987 esse.
846 899 849 902 .

103 1033 160 1098 Sed
188 1035 280 1098 sensit
311 1035 489 1118 Apostolus,
519 1033 612 1099 rerba
640 1056 680 1098 ne
707 1034 751 1099 sio
778 1032 906 1120 quidem
928 1027 1074 1098 ‘sufficere
1093 1032 1132 1098 ad

66 1148 149 1212 animi
167 1149 215 1212 sui
234 1146 425 1234 propositum
447 1147 572 1210 omnino
590 1147 818 1231 explicandum.
862 1129 1016 1211 (ὶοιιῑίιιιιο
1036 1145 1132 1233 igitur

66 1259 224 1364 adscripsit:
256 1257 526 1346 συμμορφοόμινος
553 1258 602 1323 vel
624 1252 907 1345 συμμορφιζόμενος
928 1261 977 1347 τῷ
1002 1254 1131 1346 θανάτῳ

65 1373 156 1440 etot.
197 1373 350 1439 Nimirum
371 1371 552 1438 incredibile
573 1391 636 1436 non
655 1381 714 1449 est,
734 1391 791 1456 pro
811 1369 976 1455 Participio
994 1369 1131 1456 genuino
1238 1455 1241 1466 Δ

12 1531 15 1539 -
46 1481 335 1574 ,συμμορφιζόμενος
357 1505 481 1570 pravam
497 1481 705 1550 Librarioruni
728 1481 920 1548 sedulitatem
942 1481 1131 1550 substituisse

64 1595 340 1685 ουμμορφοόμινος;
367 1596 513 1682 quoniam
534 1619 567 1661 se
589 1594 761 1682 Composita
780 1605 902 1659 tantum
921 1595 1037 1660 formae
1055 1620 1130 1680 μορ-

62 1705 138 1794 φόυ,
158 1709 204 1774 uti
224 1704 455 1798 deopoqpo'u'et
473 1705 687 1797 μινυμορφόιι,
706 1709 811 1796 legere
830 1707 1049 1773 meminissent.
1070 1709 1130 1771 Ne-

63 1843 115 1906 que
143 1845 246 1922 errore
276 1835 330 1887 aut
357 1824 479 1888 levitate
507 1823 623 1887 factum
643 1820 782 1898 ridetur,
803 1823 840 1884 'ut
857 1819 1011 1885 brevius
1001 1841 1035 1884 m
1057 1821 1132 1884 Ιοιι-

62 1934 121 2018 gius
147 1909 313 2000 mutarent.
357 1937 399 2000 At
426 1957 539 2022 negare
571 1945 675 1999 tamen
705 1935 793 2013 nolo,
813 1932 873 2000 boc
897 1925 964 1998 lieri
983 1933 1129 2018 potuisse

60 2047 92 2108 Et
108 2048 255 2115 Veterum
280 2059 363 2114 certe
387 2047 554 2126 librorum,
576 2019 631 2134 q'ui
655 2047 695 2112 ab
715 2023 858 2112 Editione
878 2027 1014 2132 Recepta
1032 2046 1128 2111 disce-

50 2157 143 2236 ·dunt,
170 2171 255 2224 tanta
273 2181 336 2224 non
355 2172 400 2225 est
419 2161 599 2240 auctoritas,
623 2169 659 2222 ut
676 2157 792 2224 bunc
782 2182 816 2223 m
828 2159 932 2225 locum
945 2182 1018 2224 cum
1029 2181 1127 2224 nacu-

58 2293 161 2337 mmro
181 2272 452 2338 inducere-ausim
463 2272 603 2340 Verbum
623 2271 750 2336 Graecis
771 2271 981 2358 incognitum,
1004 2273 1052 2336 rel
1068 2272 1128 2335 sal-

57 2394 112 2447 tem
140 2384 243 2448 minus
273 2385 428 2450 usitatum.
474 2385 534 2448 Sed
568 2405 693 2447 sensum
720 2365 862 2448 orationis
892 2383 1001 2448 eodem
1026 2383 1126 2447 redire

54 2506 137 2578 puto,
167 2497 229 2560 sire
244 2523 247 2531 s
261 2491 548 2584 septemontium,
578 2517 632 2560 seu
663 2491 945 2583 συμμορφιζόμενος
973 2497 1125 2581 praefera-

55 2618 108 2674 tur.
151 2609 365 2675 Nominatirus
395 2619 515 2687 autem,
548 2608 573 2672 si
608 2631 700 2694 supra
728 2609 767 2674 de
801 2607 892 2672 buius
920 2630 1023 2674 versus
1044 2632 1125 2674 nexu
1196 2665 1201 2675 .

54 2719 126 2785 boue
146 2721 384 2808 disputavimus,
407 2720 555 2808 coniungi
577 2721 687 2830 nequit
707 2739 780 2786 cum
795 2720 899 2804 Verbo
919 2722 1053 2809 ιόριθοῖ,
1072 2722 1126 2788 sed

53 2833 225 2900 referendus
252 2845 297 2899 est
327 2834 367 2899 ad
394 2833 583 2898 Infinitisum
606 2839 734 2920 γνῶναι,
755 2846 791 2899 ut
814 2845 899 2900 recte
918 2834 992 2900 iam
989 2836 1126 2901 monuit

52 2965 212 3027 occentus,
228 2948 368 3034 exempli
385 2947 481 3034 gratia
492 2947 626 3014 excitans
620 2946 728 3037 bpt
738 2949 798 3017 IV:
805 2953 849 3028 1,
867 2941 905 3027 2,
925 2971 977 3014 cur
968 2949 1129 3014 addatur

50 3057 134 3147 opt.
153 3063 216 3126 llI:
240 3063 292 3138 17,
316 3063 368 3127 18.
413 3060 521 3126 Levius
543 3061 670 3126 omnino
691 3073 751 3141 est,
775 3061 860 3149 quod
884 3085 1038 3129 rossanus
1051 3085 1125 3128 con-

50 3180 91 3236 tra
118 3173 265 3260 disputat
317 3176 440 3240 Pnunus
471 3174 567 3262 igitur
594 3173 679 3240 bunc
710 3174 856 3240 ellectum
878 3197 950 3241 suae
969 3197 1033 3240 esse
1059 3178 1126 3241 vult

49 3287 252 3374 experientiae
275 3308 421 3365 cnnrsrr,
444 3295 481 3351 ut
503 3288 553 3352 ad
569 3297 703 3353 mortem
724 3291 796 3353 eius
817 3289 1039 3376 conformatus
1057 3293 1122 3370 sit,

47 3417 97 3462 seu
121 3403 245 3466 mortis
273 3403 343 3464 estse
369 3402 548 3489 imaginem
567 3403 706 3489 rap‘erat.
752 3400 840 3466 Haud
863 3400 970 3486 pauci,
998 3403 1125 3492 vestigia

46 3531 292 3578 rusorurnacrr
314 3513 508 3601 aliormnque
526 3515 652 3578 Petrum
677 3523 857 3598 sequentes,
882 3535 955 3578 eum
976 3513 1124 3600 spectasse

43 3639 168 3692 sumunt
182 3629 396 3716 gravissima
412 3631 531 3692 mortis
543 3628 711 3718 pericula,
735 3626 848 3713 quibus
859 3624 978 3694 fortiter
988 3629 1122 3695 subeun-

42 3736 86 3803 dis
112 3740 146 3804 in
177 3763 213 3805 se
229 3752 392 3826 cauquam
416 3742 627 3825 spectaculum
649 3761 779 3806 currem
799 3740 833 3804 in
854 3763 949 3808 cruce
966 3743 1122 3828 morientis

42 3853 212 3933 praeberet.
244 3854 305 3920 Sed
324 3877 387 3920 uon
407 3853 604 3933 crediderim,
622 3865 796 3932 auctorem,
810 3853 835 3918 si
846 3855 1019 3928 adscribere
1031 3855 1121 3918 vellet

41 3965 121 4049 quod
152 3967 259 4031 verbis
289 3967 427 4052 proxime
458 3967 713 4053 praecedentibus
741 3968 804 4032 iam
834 3969 961 4046 inesset,
986 3968 1120 4033 oratione

39 4097 168 4146 usurum
192 4080 289 4145 fuisse
307 4071 380 4146 cum
398 4081 555 4145 remotiori
574 4087 684 4166 γνῶναι
706 4083 925 4148 connectenda.
970 4083 1035 4147 Nec
1056 4093 1119 4146 tam
1187 4065 1193 4080 ⁸
1278 4069 1283 4078 ’

38 4191 133 4260 simite
159 4194 259 4262 buius
285 4195 347 4262 loci
373 4208 418 4262 est
439 4195 558 4262 dictum
583 4199 603 4260 2
628 4194 703 4263 Uor
722 4197 782 4299 Νι
807 4201 864 4274 10,
887 4195 1053 4282 quodiam
1074 4208 1118 4262 at-

36 4305 103 4371 tulit
126 4331 396 4387 cnnrsosrouus,
423 4322 458 4375 ut
479 4300 762 4396 interpretationem
788 4310 872 4373 illam
892 4309 979 4394 sequi
1003 4309 1116 4376 iubeat.
