2818 5032
434 438 501 484 car.
524 419 578 488 IV.
602 427 763 489 vans..t9.
1075 431 1139 494 325

79 595 191 662 adsela
219 599 365 668 termula
394 599 428 662 ίν
448 594 532 690 δόξῃ.
557 603 757 670 'Huiusmodi
778 616 932 674 structura
954 605 1050 676 baud'
1070 589 1140 676 iare

77 709 150 795 apud
177 707 385 779 ffellma'stoe
408 724 438 778 et
460 703 582 799 'ipsum
601 739 733 782 rnnuuu*
754 721 953 806 requiritur„
972 723 1004 788 si·
1021 723 1139 792 inuno

77 820 235 909 eademque
256 825 405 894 sententia
425 826 543 892 duabus
569 829 703 896 tribusve
722 843 855 898 utuntur
875 833 997 900 dicendi
1021 836 1138 900 lermo-

68 934 107 996 lis
125 958 142 1000 a
161 937 384 1021 Praepositione
408 934 442 997 ἒν
461 940 688 1025 incipientibus.
735 946 882 1032 hempta
902 947 1060 1013 attulimus
1082 971 1140 1014 su-

75 1067 125 1130 pra
142 1047 179 1112 ad
199 1048 269 1133 Cep.
291 1051 322 1114 1:
347 1055 399 1117 26.
445 1052 510 1116 lam
530 1051 576 1118 his
602 1057 790 1135 consumtis,
808 1057 976 1145 expeditior
995 1061 1139 1128 orationis

76 1159 126 1222 erit
153 1159 370 1248 interpretatio.
417 1164 449 1228 Si
480 1167 563 1230 enirn
592 1179 676 1234 recte
692 1169 941 1256 disputavimus,
965 1195 1027 1238 uon
1048 1174 1138 1242 facilc

74 1271 194 1338 dubitari
222 1284 336 1361 potest,
370 1276 446 1362 quin
468 1278 603 1363 priorem
624 1281 689 1352 eius
712 1295 832 1366 portem
858 1284 902 1350 sic
924 1285 1064 1370 accipere
1083 1287 1137 1352 dc·

73 1384 204 1452 beamus:
228 1387 321 1453 Deus
340 1411 416 1454 vero
436 1391 514 1468 illa,
531 1395 597 1479 ‚qui
614 1416 718 1460 meam
741 1399 818 1485 agit
835 1417 969 1461 eausam
988 1395 1054 1486 (t),
1085 1420 1138 1464 se-

72 1500 200 1566 cundum
225 1524 320 1566 suom
343 1503 494 1568 botrorum
516 1507 771 1591 abundantiam,
803 1511 963 1589 ανανίίνα,
987 1534 1072 1600 quae
1086 1536 1139 1578 eo·

71 1614 116 1677 bis
136 1620 326 1682 necessario
346 1627 439 1695 εαντί,
468 1596 524 1683 vos
547 1619 702 1708 implebit.
750 1621 895 1703 Quaestio
926 1605 1048 1690 tantuin
1077 1637 1137 1702 est,

72 1737 168 1792 istrum
197 1734 391 1795 necessaria
422 1731 474 1795 illa
508 1753 606 1795 unum
640 1745 779 1817 spectent
812 1757 951 1824 corpus,
979 1760 1019 1802 an
1047 1739 1138 1802 etiam

70 1844 212 1908 animum.
258 1841 326 1908 Hoc
351 1843 514 1909 recentiori
538 1844 670 1908 maxime
690 1857 789 1912 aetate
816 1844 953 1932 placuit,
973 1851 1020 1915 uti
1041 1872 1140 1914 eron-

71 1975 138 2033 uro,
172 1969 396 2034 antoniorum,
421 1977 660 2035 nortmanno,
687 1981 899 2028 mrrurnsro:
923 1961 1001 2026 illud
1028 1985 1140 2028 canvi-
1206 1998 1210 2020 t

71 2090 122 2148 ro,
154 2093 316 2148 uuscnno,
339 2083 443 2148 usare,
471 2087 592 2138 suerro
612 2083 642 2137 et
662 2073 819 2160 plerisque
845 2075 1068 2162 Interpretibus
1089 2099 1142 2141 au·

71 2181 262 2268 tiquioribus',
297 2205 374 2269 quoe
402 2196 523 2269 praeter
554 2185 626 2250 alios
655 2185 759 2250 Patres
790 2189 945 2254 Ecclesiae
976 2189 1140 2274 praecessit

73 2318 327 2374 cuurscsrouus,
360 2296 399 2363 ad
431 2297 522 2362 verba
550 2289 699 2383 αληραίσα
725 2301 829 2362 πᾶσαν
848 2299 953 2383 χρείαν
972 2279 1062 2380 durio
1087 2302 1140 2366 ad·

13 2487 15 2496 Ι
69 2409 214 2475 scribens:
239 2403 316 2477 ui'ore
334 2407 381 2495 μή
399 2405 525 2476 doario
545 2407 659 2496 ἐνδείᾳ,
678 2405 759 2472 ἀλλὰ
776 2406 908 2494 ταίάρὸς
926 2407 1030 2495 χρείαν
1048 2407 1137 2493 ἔχειν.

69 2521 126 2608 ligo
147 2535 250 2592 utram
278 2523 311 2588 iu
332 2533 451 2610 partem
471 2522 549 2586 irem
569 2519 758 2607 aliquamdiu
778 2543 892 2606 anceps
913 2520 1013 2599 haeai,
1039 2522 1137 2590 donee

67 2633 128 2716 plus
154 2659 219 2702 uno
244 2647 427 2723 argumento
458 2634 535 2699 mihi
560 2623 811 2720 persuaderetur,
841 2645 955 2714 rectam
980 2635 1061 2717 viam
1087 2637 1138 2700 iu-

67 2769 176 2833 gressos
206 2771 270 2814 esse
301 2770 555 2835 caursosrounu
585 2758 615 2811 et
645 2748 701 2832 qui
732 2768 805 2810 cum
850 2769 887 2811 eo
917 2749 1136 2815 consentirent.

66 2860 215 2931 Nimirum
235 2885 292 2928 vox
313 2864 416 2951 χρεία,
440 2861 485 2925 uti
501 2860 558 2926 hac
578 2860 612 2922 in
635 2859 768 2944 Epistola
785 2859 857 2944 Cap.
875 2860 906 2924 ll
915 2884 921 2922 :
946 2863 998 2926 25.
1016 2862 1070 2928 IV:
1084 2867 1135 2940 16,

65 2971 101 3037 ita
130 2975 163 3040 iu
190 2975 265 3056 aliis
279 2995 373 3042 nuum
395 2974 515 3060 scriptis
536 2996 571 3038 ea
592 2983 729 3050 tantum,
745 2993 839 3060 qaae
862 2973 910 3038 ααί
926 2976 1044 3038 metam
1072 2997 1136 3040 nc-

63 3093 209 3156 eesearia
231 3097 326 3166 sunt,
348 3105 501 3172 nusquam
521 3109 593 3150 vero
614 3087 720 3150 animi
735 3085 818 3150 dona
837 3084 998 3172 significat.
1021 3085 1136 3153 Eadem

62 3200 241 3287 significatio
272 3201 409 3266 cernitur
430 3201 462 3264 in
486 3198 560 3264 locis
585 3198 771 3282 scriptorum
799 3209 989 3275 exterorum,
1010 3221 1029 3262 a
1047 3223 1139 3266 wer·

62 3334 169 3380 scauro
193 3315 312 3393 allatis,
339 3313 393 3378 ubi
413 3314 532 3400 integra
553 3321 649 3376 exstat
672 3311 806 3374 formula
824 3315 959 3394 πληροῦν
978 3310 1033 3395 τήν
1056 3336 1079 3394 χ
1110 3313 1138 3376 ί-

61 3451 96 3488 αν
113 3453 203 3506 τινας.
253 3427 291 3490 Et
321 3426 381 3492 hoc
407 3435 490 3492 certe
517 3424 550 3488 in
572 3445 662 3488 versu
687 3445 819 3499 rannus,
848 3421 872 3486 si
901 3421 975 3506 quid
1006 3423 1153 3508 amplius-

60 3537 115 3602 sibi
149 3541 260 3617 vellet,
293 3539 381 3606 aliter
408 3549 545 3604 mentem
573 3538 779 3622 explicaturus
806 3537 898 3602 fuisse
928 3535 1064 3620 videtur,
1097 3559 1137 3602 ne

60 3652 153 3716 oratio
193 3631 379 3737 praecedens
419 3652 566 3716 lectorem
596 3649 759 3734 deciperet.
813 3650 920 3733 Neque
951 3647 1082 3714 ahenam
1108 3649 1136 3712 ei

58 3760 182 3828 obtrudi
209 3763 407 3840 senteutiam,
431 3763 455 3826 si
475 3761 527 3826 hle
547 3767 737 3828 neccssaria
759 3761 806 3826 ad
824 3765 941 3828 vectum
962 3761 1137 3846 intelligan-

58 3882 122 3951 tur,
156 3877 250 3942 docct
280 3877 400 3942 dictum
432 3875 572 3940 simile2
602 3874 677 3942 Cor.
706 3876 765 3938 ut:
789 3877 808 3937 7
832 3895 898 3962 sqq.
946 3873 1007 3955 Qui
1031 3884 1135 3938 autem

58 3984 259 4067 dissentiunt,
292 4011 355 4056 non
383 3989 488 4067 video,
519 3988 594 4076 quid
621 3987 669 4051 his
698 3987 866 4070 rationibus
886 4006 1060 4070 opponere,
1082 3996 1135 4048 aut
1238 4062 1241 4066 ¹

56 4100 215 4183 quomodo
234 4125 355 4168 causam
378 4121 465 4167 suam
487 4101 566 4165 tucri
589 4101 714 4187 possint.

56 4245 319 4290 “-··-·*·-·.··--

87 4337 128 4409 (1)
146 4337 198 4397 Cff.
216 4341 309 4394 omniuo
326 4351 432 4392 uocatus.
451 4356 476 4407 p.
495 4341 543 4390 102
563 4348 664 4406 atquae
683 4340 854 4406 disputavimus
872 4336 900 4386 ad
917 4337 973 4403 Cap.
993 4339 1019 4388 la
1037 4339 1062 4388 3.
