2808 5032
309 393 371 458 204
687 407 754 454 aar.
778 387 818 454 ΙΙ.
843 409 928 456 vans.
953 393 1005 455 30.

308 581 367 648 Vl:
391 583 451 655 29,
474 580 527 643 30.
555 579 569 637 l
599 571 676 642 Cor.
698 573 773 642 XV:
801 572 1048 662 58.Ap00.11:
1072 577 1125 642 26.
1149 575 1249 663 Opere
1263 589 1357 653 autem,

306 685 391 780 quod
406 709 651 775 ararunenrrurr
667 689 700 753 in
718 687 894 773 periculum
914 689 993 753 ritae
1013 684 1153 767 adduxit,
1171 689 1358 776 significantur

306 805 389 877 baud
410 803 504 868 dubie
523 801 627 868 emnia
646 800 701 866 illa
721 801 833 880 officia,
860 799 906 866 rei
925 799 1111 868 Christianae
1126 804 1281 888 praestita,
1298 825 1358 890 quc

307 940 376 982 rum
400 939 490 984 causa
516 937 648 1008 raucus,
671 925 707 980 ut
725 925 831 981 monet
852 934 1019 992 eruemus,
1044 938 1116 980 eum
1138 939 1230 1002 supra
1248 940 1307 982 nen
1320 941 1358 983 se

306 1035 372 1098 ium
402 1029 455 1100 τδυ
479 1026 631 1118 diripis,
653 1027 707 1094 aed
736 1027 909 1120 etiamutsiv
931 1028 1071 1116 συνεργὸν
1093 1031 1144 1121 καὶ
1160 1019 1359 1120 συστρατοότρο

303 1173 364 1231 μου
381 1145 537 1232 appellat.
583 1143 727 1208 Ceterum
742 1141 907 1212 ,Articulus
937 1147 993 1210 τοῦ
1019 1152 1091 1208 ante
1116 1165 1226 1208 rocem
1248 1149 1361 1232 Χριστοῦ

297 1235 499 1335 retinendus,
533 1279 574 1321 arr
601 1278 675 1322 cum
704 1277 900 1326 munusque
934 1249 1133 1340 expellendus
1155 1255 1210 1334 sit,
1240 1257 1360 1322 dirimere

303 1396 367 1438 nou
397 1371 511 1437 ausim:
549 1368 602 1434 sed
629 1368 683 1456 qui
701 1369 822 1456 -Κυρίου
852 1391 910 1456 pra
933 1374 1071 1457 Χριστοῦ
1097 1369 1282 1448 seriberent,
1305 1393 1360 1457 per-

270 1525 278 1542 ·
303 1506 426 1552 suasum
456 1482 534 1548 mibi
553 1494 616 1561 est,
637 1481 712 1548 huic
733 1483 835 1549 versui
859 1503 895 1548 ex
916 1465 1066 1568 superiori
1085 1471 1306 1548 correctioriem
1327 1486 1360 1548 ai·

302 1600 397 1672 ferre'
415 1598 555 1664 voluisse.
601 1595 756 1674 Tertirun,
793 1595 876 1683 quod
906 1618 924 1662 a
954 1617 1055 1662 rauno
1082 1597 1284 1682 proponitur,
1305 1619 1359 1663 cun

303 1714 346 1778 sic
369 1711 511 1799 incipiat:
543 1705 862 1799 παραβουλουσοίμουος
880 1715 922 1803 τῇ
940 1715 1047 1803 ψυχῇ,
1067 1710 1149 1780 Viris
1169 1710 1273 1776 Dactis
1294 1712 1360 1776 mul-

302 1836 371 1889 tum
392 1825 549 1890 molestiae
576 1824 699 1892 crearit.
744 1825 865 1890 Acriter
888 1825 972 1890 enim
993 1826 1033 1890 ab
1052 1825 1089 1890 iis
1109 1824 1296 1911 disputatum
1314 1837 1360 1900 est,

302 1939 415 2002 utrum'
430 1937 601 2024 genuinum
622 1937 660 2000 sit
680 1936 881 2023 Participium
898 1936 1232 2026 παραβουλεοσοῖμονος,
1252 1963 1290 2006 an
1306 1963 1361 2004 rere

276 2073 277 2080 ¹
302 2050 500 2116 scribendum
519 2046 821 2142 παραβολευσάμενος
843 2046 900 2140 (1).
938 2053 1113 2138 Utrumque
1129 2064 1234 2118 tamen
1252 2054 1361 2119 inlibris

300 2167 492 2231 Graecorum
521 2165 633 2229 trustra
662 2163 831 2250 quaeritur.
876 2159 955 2229 Nam
983 2165 1067 2251 quod
1088 2160 1272 2254 legimus'in
1293 2167 1359 2234 Nee.

303 2278 392 2344 Test.
425 2271 465 2342 V
461 2279 532 2368 alp·
562 2277 702 2346 Verbum
729 2273 994 2366 παραβολεοῖεσθαο
1023 2278 1106 2364 apud
1126 2280 1261 2346 Graecos
1285 2279 1360 2345 debs

241 2456 248 2463 .,
301 2391 457 2478 usurpari,
477 2394 542 2480 qui
557 2393 666 2456 omnia
678 2391 937 2479 periclitentur,
954 2395 1247 2480 praesentzieimie
1265 2416 1299 2457 se
1315 2415 1359 2456 ex·

293 2495 424 2597 panant
445 2507 612 2594 perieulis
640 2512 673 2568 et
699 2507 799 2569 vitam
828 2527 921 2568 suam
946 2504 1155 2593 prry‘isndanl
1175 2517 1236 2572 cet.
1256 2503 1360 2570 inservit

203 2703 206 2710 Ι
301 2631 421 2686 tantum
441 2618 491 2683 'ad
513 2616 748 2706 propagandum
774 2601 910 2684 crimem
939 2639 1137 2697 warsrunrr,
1167 2637 1262 2706 quem
1291 2641 1361 2684 uar-

298 2755 420 2796 raucus
441 2731 510 2796 satis
529 2753 684 2818 superque
705 2731 858 2808 refutavit.
903 2731 1011 2822 Neque
1028 2729 1080 2796 bic
1100 2733 1165 2817 ipse
1184 2743 1290 2799 tamen
1304 2753 1360 2798 ceu-

301 2843 443 2932 gerendis
465 2843 556 2922 locis,
579 2845 613 2909 in
634 2844 747 2930 quibus
767 2865 1012 2910 caarsosrorrus
1031 2845 1148 2934 aliique
1160 2846 1312 2912 Ecclesiae
1320 2846 1361 2908 Pa·

299 2969 361 3022 tres
380 2957 484 3026 Verbo
504 2954 789 3046 ποραβουλοόεσθαι
808 2956 855 3020 usi
876 2968 964 3036 sunt,
981 2957 1135 3045 probarit,
1157 2959 1238 3024 illud
1255 2958 1360 3026 Graecis

299 3068 514 3135 vetustioribus
543 3081 574 3134 et
597 3079 736 3157 tempora
759 3069 887 3157 quidem
907 3093 1000 3136 auum
1018 3072 1110 3138 fuisse
1132 3072 1308 3160 cognitum:
1328 3069 1359 3133 si-

299 3182 427 3270 quidem
447 3207 466 3250 a
484 3183 626 3249 Patribus
646 3168 735 3249 facile
752 3184 786 3248 in
802 3206 894 3277 usum
909 3184 1005 3270 recipi
1021 3186 1136 3272 potuit,
1159 3188 1306 3274 quoniam
1316 3184 1360 3248 hac

298 3298 331 3362 in
352 3298 485 3386 Epistola
504 3297 726 3383 reperiebatur.
772 3297 959 3363 Testimonia
982 3298 1067 3384 qued
1094 3299 1221 3379 attinet,
1252 3299 1359 3366 Codices

298 3411 379 3477 MSS.
413 3413 447 3476 in
461 3420 463 3428 '
476 3411 589 3498 quibus
617 3410 753 3477 occurrit
784 3405 1099 3498 παραβολευσάμενος,
1128 3414 1222 3498 pauci
1251 3389 1359 3502 quiden

209 3594 213 3600 ,
289 3536 385 3606 sunt,
419 3525 472 3592 sed
494 3526 716 3614 antiquissimi:
748 3536 850 3591 cetera
873 3524 1040 3602 multitudo
1058 3524 1152 3591 habet
1169 3533 1360 3616 παραβουλοο·

262 3633 263 3636 '
297 3635 435 3740 σρῖμουυς.
481 3637 564 3702 Nibil
593 3638 767 3704 decernunt
795 3659 968 3704 ansrcurus
999 3637 1114 3724 aliique
1135 3636 1358 3730 Lexiccgrepbi;

331 3861 370 3931 (1)
392 3863 521 3929 Receptum
548 3865 849 3932 παραβουλευσάμευος
865 3876 963 3917 tuentur
979 3841 1080 3916 asinus
1097 3864 1127 3918 'ad
1145 3867 1171 3918 h.
1188 3867 1208 3917 l.
1238 3869 1360 3917 tirrenum.

295 3959 364 4034 Eae.
382 3957 415 4006 11.
434 3973 502 4005 neme
521 3940 683 4008 vehementius
703 3970 728 4010 et
743 3959 849 4010 acerbius
865 3977 935 4027 quam
953 3971 1096 4010 limites.
1131 3961 1240 4010 Alterum
1252 3961 1362 4028 παραβο-

297 4049 461 4114 λευσάμενος
478 4049 593 4116 imprimis
609 4049 741 4102 defendunt
759 4067 913 4115 warprrrrus
929 4052 959 4102 ui
974 4053 999 4102 b.
1019 4053 1037 4103 l'.
1055 4062 1081 4102 at
1092 4037 1362 4116 strenuissumus

294 4127 383 4193 *Tbeet
402 4145 491 4214 ζουσα.
507 4146 574 4196 rom.
592 4145 639 4205 111.
654 4161 678 4212 p.
697 4147 750 4195 604
765 4163 817 4214 sqq.
847 4147 883 4195 ,tir
900 4145 931 4196 ab
948 4146 991 4196 bac
1010 4146 1106 4214 quidem
1126 4136 1209 4213 parte,
1227 4155 1363 4213 praeterm-

265 4262 267 4266 -
297 4235 409 4302 tiquiores
427 4237 505 4302 magni
516 4237 617 4286 neminis
633 4239 707 4304 vires,
726 4239 879 4288 recentissimi
894 4247 957 4289 stant
975 4239 1082 4288 Editeres
1100 4239 1129 4288 n.
1145 4241 1175 4288 Τ.
1189 4249 1362 4294 uscanensis,

265 4337 270 4348 ·
296 4341 438 4395 scabinus,
457 4317 630 4380 eurscurmrs.
