2818 5032
465 411 533 456 usu.
555 341 610 458 lV.
634 409 720 456 vens,
745 397 776 456 5.
902 397 964 457 'a
1090 391 1150 456 28¹1

90 575 186 642 tissimi
216 569 408 661 iudicarim,
439 575 514 644 inde
539 601 558 644 a
587 599 834 658 cunrsosrouo,
856 578 912 666 qui
933 576 1154 665 interpretandi

35 777 36 784 ἵ
72 711 170 780 ¹csttua
187 689 321 776 scripsit:
344 683 406 779 ἤδη
426 691 448 780 ἦ
469 691 561 782 κρίσις
579 689 733 778 iptorum.
761 693 862 758 illinus
880 677 965 758 rect‘e
986 691 1059 760 vcro
1077 683 1155 758 nori·

89 805 159 870 uulli
190 806 437 896 eorumopinati
462 818 550 887 sunt,
577 803 886 896 Hierosolymorum
907 810 1104 874 eversionem
1123 813 1156 870 et

87 921 220 984 ciuitates
237 919 387 987 Iudaeae
407 943 519 986 cusum
541 918 699 1008 praedici:
724 920 841 1007 quippe
857 919 962 1007 quod,
981 921 1007 984 si
1018 917 1155 1004 callipi-

87 1033 170 1097 stolae
191 1011 467 1124 Plos'lsppensibus
485 1034 633 1120 scriptae,
654 1045 686 1100 at
702 1034 832 1100 orationi
856 1044 940 1099 certe
960 1053 1024 1098 nou
1043 1053 1154 1098 conre-

85 1144 126 1208 nit
143 1157 311 1213 contextae.
355 1147 452 1212 Multo
468 1145 663 1233 probabilius
681 1167 819 1214 (sacrius
833 1147 1005 1214 adveutum
1023 1166 1151 1210 cnarsur
1238 1187 1240 1198 ι

83 1259 126 1323 ool
141 1259 297 1340 incudum
317 1264 455 1350 generis
469 1261 606 1326 humani
620 1261 655 1326 iu
675 1283 769 1328 ruunt
789 1271 894 1328 mente
911 1243 1004 1325 luisse
1024 1243 1153 1344 putarit,
1242 1238 1256 1302 ss

82 1359 230 1457 Apostolos
256 1372 342 1439 huuc
370 1372 538 1440 adveutum
564 1394 663 1460 prope
691 1375 858 1460 instantem
882 1373 1025 1441 habuisse
1049 1373 1153 1448 aiens,
1222 1394 1223 1398 ¹

82 1486 220 1569 quoniam
237 1508 395 1552 cunrsuus
414 1496 536 1574 tempus
560 1485 641 1551 illud
659 1485 694 1552 in
716 1487 840 1553 occulto
863 1485 1019 1552 tenuisset.
1063 1484 1155 1550 Diffi-

82 1598 169 1666 cultas
200 1601 303 1680 enim,
335 1621 429 1688 quam
459 1621 633 1668 wnruorus
659 1600 783 1688 aliique-
806 1599 880 1666 hui'c
909 1591 1155 1685 interpretationi
1191 1587 1197 1595 ’

82 1710 190 1778 obstare
205 1712 418 1798 contendunt,
434 1712 633 1792 ,amorebitur
651 1713 758 1792 tacite,
782 1713 807 1778 si
829 1713 1020 1802 gravissimas
1042 1711 1153 1776 memi-
1259 1785 1263 1792 ¹

80 1825 207 1892 nerimus
228 1849 352 1908 causas,
376 1847 434 1893 cur
454 1825 681 1914 conplacuerit
698 1826 763 1894 Deo
780 1826 896 1914 primos
915 1849 1043 1892 cunrsm
1056 1837 1154 1892 secta·

80 1944 151 2004 tores
177 1937 238 2008 hac
261 1939 301 2008 de
325 1963 359 2006 rc
380 1939 544 2008 illustrare.
587 1941 697 2028 Neque
717 1962 889 2007 asseverare
906 1950 1011 2011 tamen
1032 1939 1150 2022 ausum,

78 2061 230 2118 araurem*
257 2053 317 2119 sibi
347 2053 499 2120 iudicium
523 2053 646 2144 generis
668 2052 798 2122 humaui
820 2053 864 2121 itu
888 2053 1095 2141 proposuisse,
1118 2062 1153 2116 ut

80 2181 174 2229 casum
195 2165 383 2232 Iudaeorum
401 2165 476 2250 inde
500 2168 627 2232 omuino
645 2167 830 2254 seiungeret.
863 2155 906 2232 Εἰ
919 2167 1013 2254 longe
1025 2186 1154 2253 quoque
1186 2169 1192 2174 '

78 2280 244 2360 quaesitum
278 2291 323 2345 est
351 2279 435 2369 quod
464 2280 523 2346 sihi
545 2281 612 2346 vult
633 2301 789 2359 caoctus,
807 2279 1010 2374 formulamo'
1037 2274 1152 2368 Κύριος

76 2389 154 2474 imis
172 2383 357 2461 'desumta'm
390 2417 456 2461 esse
482 2417 521 2460 cx
552 2394 692 2460 Psalmo
720 2393 818 2462 XLV:
845 2395 882 2455 11
913 2389 1047 2480 (xcvtz
1074 2386 1148 2477 12):

77 2498 164 2593 immo
186 2507 212 2572 si
236 2507 388 2596 originem
409 2508 474 2574 eius
492 2507 622 2574 scrutari
644 2507 804 2584 volumus,
833 2503 931 2592 magis
952 2513 1072 2589 praesto
1086 2505 1151 2589 '1105

76 2612 117 2682 us
146 2631 218 2684 sunt
251 2602 345 2686 veru
375 2641 465 2686 mse:
502 2613 549 2688 te
577 2615 664 2706 epta
693 2621 774 2686 aare
800 2619 852 2686 aa
877 2618 992 2705 esaan
1023 2615 1149 2682 Massa

77 2727 184 2800 XXIV:
210 2739 265 2801 33.
289 2733 403 2802 Maro.
425 2734 518 2798 XIII:
546 2737 600 2802 29.
624 2733 695 2800 coll.
721 2733 799 2801 Luc.
819 2733 909 2796 XXI:
935 2735 989 2798 31.
1033 2731 1096 2798 Sed
1115 2742 1151 2796 ut
1218 2742 1222 2748 '

31 2853 34 2860 '
76 2863 160 2930 supra
191 2849 256 2914 iam
286 2848 473 2916 ostendimus
499 2869 587 2934 spem
605 2846 716 2926 naum,
740 2867 901 2912 cnarsuuu
921 2846 1009 2912 brevi
1030 2846 1150 2913 reditu-
1183 2901 1187 2908 .

77 2976 141 3022 rum
163 2977 228 3026 esse
249 2959 313 3050 (1);
337 2961 382 3028 sic
404 2961 478 3027 alios
501 2983 628 3049 quoquc
647 2960 808 3048 Apostolos
829 2959 965 3025 eiusdem
982 2959 1150 3024 sententiae

75 3067 160 3136 luisse
189 3085 317 3160 apparet
342 3096 379 3139 ex
403 3073 479 3142 Iao.
497 3076 542 3144 V:
561 3080 615 3153 Ι8,
641 3079 671 3142 9.
707 3073 816 3141 lPet.
844 3073 889 3142 IV
896 3096 904 3137 :
929 3077 958 3139 7.
988 3070 1148 3140 1Ioann.

75 3179 194 3266 11:28,
219 3209 354 3274 quorum
375 3188 518 3262 locorum
538 3209 645 3253 sensus
666 3187 726 3274 alia
746 3186 998 3273 interpretatione
1021 3206 1151 3271 perver-

75 3294 154 3364 titur.
199 3302 283 3389 Ergo
307 3301 401 3367 rerba
420 3303 438 3368 ὁ
457 3298 572 3390 Ilrlproc
591 3297 678 3386 syytg
696 3299 741 3366 sic
763 3299 916 3385 explicaro
938 3321 1003 3364 nou
1024 3321 1147 3364 vereor:

74 3407 223 3479 Gnrrsrus
256 3414 348 3478 trevi
372 3414 575 3480 adventurus
604 3421 655 3476 est
685 3411 736 3477 od
765 3411 924 3476 iudicium
958 3411 1149 3480 iubendum.

73 3520 122 3588 His
154 3537 260 3592 autem
292 3527 336 3593 sic
367 3525 524 3614 explicatis
553 3525 640 3591 nulla
669 3534 843 3603 causaest,
867 3545 941 3589 cum
970 3533 1147 3604 uisuntur,

76 3653 279 3704 nurrnrcusro
301 3637 430 3727 aliisque
452 3639 675 3718 contendendi,
706 3660 835 3706 cacum
857 3639 1064 3725 superioribus
1084 3661 1149 3708 nou

72 3770 341 3792 .““““”·-·-ιιιι-ι---ι-ι---ιι1
418 3791 425 3806 ⁸

102 3861 138 3930 (ι)
156 3865 202 3918 eff.
222 3877 302 3918 noae
319 3867 349 3918 aa
366 3885 416 3934 cap.
435 3869 462 3918 l:
482 3869 632 3934 c,10.11:
653 3869 694 3918 ao.
713 3845 1147 3930 111=1o,11.'caammnauame

70 3956 139 4005 moria
155 3963 310 4026 seutentiam,
326 3961 451 4028 Apostolos
467 3960 514 4020 sibi
531 3960 658 4012 adventum
670 3974 760 4011 cuntur
769 3977 842 4026 prope
851 3961 978 4008 instantem
989 3958 1145 4025 proposuisse,

70 4043 133 4098 docte
146 4052 258 4102 refellere
269 4063 366 4102 conatus
379 4062 416 4102 est
427 4065 521 4102 corun
531 4065 639 4118 coruus,
654 4052 797 4122 Bs'jdrugeot
805 4051 881 4101 totde
889 4047 1004 4112 Beoefeu
1015 4064 1045 4096 on
1055 4047 1147 4102 Gesclr.

69 4149 113 4190 cet.
125 4143 190 4193 Tom.
201 4143 245 4194 m.
256 4145 285 4194 In
299 4143 377 4194 verbis
386 4146 460 4210 igitur
474 4143 488 4193 ὃ
499 4143 600 4212 Κύριος
611 4129 692 4210 ἔγγὺς
703 4141 926 4211 interpretandis‚p.
935 4140 996 4202 tls,
1005 4139 1064 4205 320,
1073 4145 1148 4193 ratio·
1179 4191 1184 4198 ,

68 4245 119 4280 uem
134 4249 232 4303 quoque
250 4237 358 4304 sequitur
370 4249 472 4287 canunt.
490 4233 535 4286 set
548 4216 637 4301 eadem,
648 4207 715 4304 lquae
734 4237 805 4303 supra
822 4237 849 4283 in
864 4231 967 4282 medium
978 4230 1058 4294 attuli,
1070 4250 1144 4302 argu-

68 4335 142 4377 menta
153 4327 248 4380 obstare
257 4341 325 4397 putu,
336 4332 462 4398 quominus
475 4328 513 4382 illi
524 4328 698 4380 assentiendum
710 4339 736 4378 et
745 4346 758 4378 r
767 4338 850 4378 escun
858 4321 1023 4390 discedendum
1031 4325 1074 4380 siti
