2808 5032
392 391 460 446 cnr.
485 381 538 448 ΙΙΙ.
565 399 651 446 tans.
680 385 713 456 1,·
732 384 761 445 2.
898 450 903 461 ,
1047 376 1115 448 209

17 551 21 554 ’
62 583 104 628 no
116 561 166 652 (t),
186 565 287 646 minos
307 575 401 630 recte<
414 587 514 642 rauco
536 566 699 633 consillum
720 566 816 630 tribui
832 566 983 649 Epistulae
1002 565 1127 660 tinien-¹

61 677 120 754 dae,
144 676 316 764 priusquam
336 679 435 744 ‘verbis
454 681 600 764 expressis
623 681 734 767 gratias
756 701 812 763 pro
841 679 923 743 dono
947 678 1005 746 sthi
1024 679 1117 743 allato

59 790 162 874 egisset.
202 792 267 856 Nec
287 793 421 870 multum
449 793 488 858 ad
512 781 581 857 eam
600 791 750 866 ¹tuendam
771 791 850 855 valet
871 813 944 856 usus
965 791 1117 856 formulae
1168 776 1204 859 ⁷.

58 900 86 966 ed
100 899 211 982 λοιπόν,
229 904 270 969 ad
290 925 384 990 quam
403 904 458 972 Vir
474 925 615 972 summus
639 905 701 968 iam
716 903 899 988 provocarit.
931 904 1117 988 Hauc-enim

56 1013 143 1077 eiusrc
169 1013 298 1080 similem
322 1039 474 1082 rossanus
499 1015 613 1103 aliique
634 1017 819 1101 Interpretes
834 1010 1061 1094 ostenderunt,
1084 1017 1118 1080 in

57 1125 117 1190 locis
142 1123 229 1192 ctiam
260 1129 406 1215 reperiri,
432 1130 487 1216 qui
515 1130 554 1194 ab
581 1129 787 1214 Epistularum
819 1129 882 1194 fine
909 1129 1035 1215 longius*
1067 1128 1119 1192 di-

55 1248 134 1316 stent,
156 1251 188 1304 ut
213 1239 425 1330 Ephes..Vl:
451 1245 503 1309 10.
530 1246 554 1306 1·
569 1241 683 1308 Thess.
701 1243 761 1310 IV:
792 1233 867 1309 1.12
886 1239 998 1308 Tltees.
1015 1243 1069 1306 Ill:
1090 1245 1118 1305 1.

59 1353 74 1412 2
91 1349 162 1417 Tim.
181 1354 241 1422 lV:
264 1359 304 1431 8,
328 1355 383 1418 ubi
402 1377 437 1419 ea
456 1365 578 1420 tantum
600 1354 767 1443 significat,
788 1367 948 1420 auctorem
968 1356 1007 1420 ad
1026 1356 1119 1422 aliam

54 1484 112 1527 rem
128 1466 268 1544 transire,
280 1465 553 1554 quemadmodum
573 1479 603 1533 et
625 1469 716 1534 Pttt.
738 1471 782 1537 IV
791 1491 797 1528 2
823 1474 855 1540 8.
885 1469 994 1534 Levius
1011 1467 1119 1533 itidem

56 1590 253 1662 argumentum
278 1581 339 1658 est',
362 1603 517 1648 aeaorro
539 1605 575 1646 cx
597 1583 693 1646 verbo
709 1583 827 1670 χαίρετε
846 1581 989 1668 petitum,
1003 1582 1120 1669 quippe

54 1690 125 1773 quod
144 1703 172 1756 et
187 1693 285 1760 rarius
307 1693 339 1758 in
360 1695 503 1758 extremis
525 1717 617 1760 raum
635 1685 743 1760 Literis
757 1695 888 1783 legitur,
911 1707 943 1760 et
962 1702 1119 1781 nusquam

55 1801 88 1865 ibi
105 1803 161 1869 rim
180 1805 275 1873 habet
297 1807 396 1873 latini
416 1809 538 1884 tolete,
559 1819 589 1898 et
608 1809 696 1874 nullo
719 1808 855 1894 denique
875 1808 969 1873 modo
988 1809 1119 1872 consun-

54 1913 173 1983 dsndum
202 1931 248 1986 est
284 1923 367 1986 oum
383 1921 501 2010 χαίρετε
525 1925 559 1988 ἐν
578 1923 701 2014 Κυρίῳ,
729 1923 877 2012 garedete
901 1919 937 1988 in
966 1921 1117 1988 Domino.
1157 1924 1159 1932 '

54 2025 186 2097 Videlicet
210 2033 253 2098 ita
284 2033 422 2098 scribens
453 2043 570 2100 rannus
593 2033 827 2126 Philippenses
855 2059 919 2119 noo
943 2029 1120 2100 adhortatus
1210 2021 1212 2028 ¹

55 2154 103 2220 est,
131 2158 164 2210 ut
186 2149 394 2238 gauderent,
427 2148 480 2214 sed
507 2161 541 2213 ut
561 2150 731 2236 gauderent
752 2155 788 2216 in
806 2155 1024 2217 communione
1048 2149 1119 2214 Do-

52 2261 134 2338 oo'ei,
162 2263 212 2326 rel
225 2261 392 2353 gaudium
411 2269 536 2328 tentem
557 2273 713 2353 caperent
733 2287 774 2329 ex
797 2267 885 2329 bortis
908 2284 1042 2329 cunrsro
1059 2263 1119 2326 de-
1183 2297 1199 2318 ι

47 2368 123 2440 deles.
164 2375 316 2442 Similiter
338 2376 437 2461 rerba
467 2375 658 2461 interpretati
687 2389 758 2442 sunt
785 2388 952 2453 rannerus,
975 2397 1120 2441 onnrso-
1186 2433 1190 2441 .

46 2505 167 2565 srouus,
190 2489 286 2554 multi
305 2489 367 2556 alii.
403 2491 506 2575 Atque
520 2487 609 2554 hado
626 2481 915 2576 interpretationem
934 2489 1022 2554 ralde
1033 2511 1119 2554 com·

48 2599 157 2666 mendat
184 2601 355 2668 Antithesis
382 2600 570 2688 καυχώμενοι
584 2583 632 2671 Δεά
656 2611 782 2698 Χριστῷ
798 2609 916 2693 Ἰησοῦ,
929 2606 987 2700 stol
1009 2604 1121 2672 ode-dr

48 2714 121 2798 copel
148 2715 348 2794 aestates,
377 2739 422 2780 rs.
456 2717 476 2781 3
503 2713 696 2802 reperiundass
742 2719 803 2784 Sed
828 2717 1019 2794 necessitudo
1040 2715 1121 2782 inter
1180 2719 1184 2723 ’

46 2820 113 2891 hano
139 2829 320 2896 Antithesin
342 2841 380 2922 et
399 2831 565 2895 formulam
598 2817 715 2920 χαίρετε
740 2837 773 2902 ἓν
792 2834 909 2924 Καρίῳ·
927 2833 1121 2907 intercedens

41 2935 123 3006 simul
141 2943 301 3022 declaret,
324 2944 459 3031 priorem
478 2957 598 3030 partem
620 2951 693 3011 rsl
717 2935 790 3014 oum
812 2969 856 3012 rs.
878 2953 898 3013 3
918 2947 1122 3034 quodammo-

44 3048 78 3111 do
101 3055 281 3123 cohaerere.
328 3059 432 3142 ltaet
455 3059 626 3144 'appellatis
652 3058 880 3148 astripotens,
912 3049 975 3146 qua
996 3061 1121 3125 Nemini

43 3163 215 3237 Pronomae.
237 3171 400 3248 adiicitur,
423 3171 560 3238 indicare
579 3173 717 3252 videtur,
739 3185 899 3239 auctorem
921 3175 1011 3258 plura
1039 3175 1123 3263 seri.-

34 3276 110 3344 'bere'
122 3285 273 3362 voluisse,
297 3305 392 3370 quam
413 3305 477 3349 uno
497 3285 551 3350 illo
572 3282 689 3374 χαίρετε
716 3289 748 3352 ἓν
768 3287 874 3375 Κυρίῳ
896 3273 1122 3352 contineantur.

40 3389 76 3457 Cl.
90 3394 177 3484 Epa.
203 3399 267 3467 Vl:
293 3401 352 3464 10.,
390 3398 478 3480 Quae
501 3421 573 3464 curn
594 3400 637 3465 ita
656 3399 732 3476 sint,
753 3399 820 3464 lieri
840 3400 967 3486 quidem
988 3401 1122 3486 potuisse

32 3507 187 3589 r(concedo,
222 3523 262 3576 ut
297 3533 430 3589 eronus,
462 3502 535 3578 cum
570 3491 815 3578 siarunonrruir
846 3509 1120 3604 Philippensibus

37 3623 297 3702 commendasset,
310 3623 463 3690 'nonnihil
483 3619 598 3692 laceret
618 3624 856 3718 intercapedinis
875 3627 1029 3693 scribendi
1036 3655 1045 3710 ;
1066 3631 1122 3708 sed

36 3737 302 3813 persuasissimum
323 3735 430 3804 tameo
446 3737 523 3803 mihi
546 3751 608 3816 est,
633 3749 869 3825 argumentum,
891 3737 975 3828 quod
994 3763 1060 3826 cap.
1076 3741 1123 3804 III

36 3849 227 3933 aggreditur,
262 3851 338 3917 otim
359 3848 613 3938 praecedentibus
640 3851 767 3915 omnino
786 3850 952 3918 cohaerere
975 3829 1118 3920 etesiis

34 3965 174 4047 tanquam
197 3965 382 4033 effloruisse.
426 3965 495 4049 Ipsa
513 3975 617 4029 autem
638 3961 830 4028 lorrnulaed
845 3959 951 4030 λαιαίν
971 3964 1037 4028 talis
1057 3975 1120 4039 est,

32 4065 320 4163 inmensumque
339 4089 431 4164 caput
451 4071 729 4163 conglutinandum
747 4076 899 4144 inserviat.
1005 4099 1038 4162 '.
1084 4095 1107 4124 ’ἑ
1145 4122 1153 4144 .

59 4318 93 4378 ll)
111 4317 178 4368 Ibit.
197 4335 226 4386 p.
248 4321 292 4367 12.
