2812 5032
232 402 236 411 '
297 426 300 438 ι
363 443 367 452 .
423 413 490 455 ean.
514 391 537 454 Ι.
562 412 646 454 vens.
671 392 724 466 23,
749 393 800 453 24.
921 473 926 486 Ι
1087 394 1143 456 101
1243 447 1246 452 .

90 579 249 662 probatam,
275 569 521 640 sententiosum
541 573 700 640 inchoatae
719 573 883 659 Apodosin.
928 573 987 638 Sed
1006 567 1148 639 huicti-

90 687 228 753 stinctioni
240 708 366 774 quoque
386 685 493 752 cadem
513 687 632 751 obstant
650 697 848 774 argumenta,
868 707 948 773 quae
966 707 1073 751 rocem
1094 683 1151 775 nto

91 824 151 866 oum
167 798 253 888 Syro
274 799 321 865 ad
332 800 490 886 sequentia
508 799 623 862 referre
641 809 753 864 uetant.
794 798 903 880 Quare
922 798 1037 876 colon,
1049 799 1148 862 versui

90 911 269 999 praecedenti
283 911 474 1002 subiectrun,
491 910 676 976 muteturin
696 921 865 995 punctum,
885 920 920 974 ut
938 909 1149 977 senteutiahic

18 1059 21 1072 ·
91 1028 210 1112 legatur,
242 1021 322 1111 quae
354 1045 427 1090 cum
458 1021 608 1108 superiori
640 1021 766 1113 quidem
797 1021 973 1100 cohaereat,
1000 1022 1052 1087 sed
1073 1045 1151 1088 nora

92 1149 179 1202 amen
195 1136 233 1202 stt
251 1136 374 1222 sibique
391 1145 516 1201 constet.
556 1134 735 1220 Apostolus,
751 1135 944 1220 nempe,sui
962 1143 1046 1202 nuuc
1061 1135 1153 1222 plane
1197 1122 1201 1132 ’

92 1250 269 1326 obliviscens,
295 1249 335 1314 ad
359 1247 438 1314 illud
462 1268 561 1312 unum
587 1245 715 1312 attendit
737 1247 896 1326 animum,
919 1247 1002 1334 quod
1020 1249 1153 1334 postulat

91 1357 191 1428 bonurn
215 1381 390 1430 commune.
436 1359 504 1426 Hoc
522 1369 626 1444 autem
644 1359 702 1424 sibi
725 1361 805 1440 vult:
829 1359 894 1426 ‘Ad
911 1369 1053 1432 vestram
1077 1382 1153 1427 uero

91 1476 212 1550 salutm
230 1476 342 1563 arogis
364 1493 491 1539 necesse
515 1479 579 1549 est,
601 1480 654 1562 ut,
674 1494 776 1543 carne
802 1473 1002 1552 adstructas,
1026 1473 1152 1540 dontius

91 1588 136 1653 tn
151 1577 380 1678 permanemus
419 1575 561 1656 Carncin
590 1607 665 1650 uon·
681 1607 738 1670 pro
765 1607 917 1676 corpore,
947 1597 983 1652 ut
1011 1588 1153 1654 nonnulli
1245 1571 1246 1580 ἵ

91 1712 199 1786 putant,
218 1700 272 1766 scd
285 1697 469 1766 contemtius
488 1697 579 1774 dicit,
599 1697 718 1770 labores
737 1700 899 1778 miserans,
921 1699 1034 1785 quihus
1056 1701 1155 1768 carnis

91 1815 151 1880 lacit
165 1826 292 1896 natura,
310 1813 346 1879 nt
365 1811 535 1896 obiiciatur.
570 1811 688 1880 Deinde
698 1813 816 1900 scripsit
829 1815 971 1901 ἕνσαρκί,
983 1817 1051 1878 utl
1073 1813 1149 1883 Gor.
1264 1863 1266 1870 .

91 1928 162 1995 tvl:
183 1932 203 1994 8
228 1933 262 2008 tr
279 1924 410 2017 Ἐφέσῳ,
430 1924 576 2012 quoniam
601 1939 673 1991 earo
691 1936 839 2013 tanquam
857 1926 950 1994 sedes
971 1927 1065 1996 suuni
1093 1939 1151 1992 est:

90 2040 150 2104 alibi
162 2062 248 2119 vero,
262 2039 556 2106 addoesr'tationem
567 2049 689 2105 tantrun
701 2039 891 2127 significans,
905 2040 999 2109 uerbo
1009 2037 1154 2122 ἐπιμένειν

92 2154 242 2240 postposuit
269 2133 391 2216 merum
420 2150 580 2229 naevum,
608 2149 778 2218 utillum.
804 2153 918 2222 V1:1.
945 2155 1004 2220 XI:
1029 2157 1071 2221 22
1094 2166 1153 2220 oet.

92 2266 168 2346 Quod
185 2266 349 2331 discrimen
368 2264 484 2330 librarii
503 2263 695 2352 negligentes
709 2276 740 2336 ot
753 2265 946 2334 studiosiores
958 2245 1154 2343 Graecitatis,

92 2378 333 2464 Praepositionem
358 2380 392 2444 ἐν
419 2375 596 2442 omiserunt.
643 2378 723 2441 Tum
751 2378 936 2442 Pronomine
962 2379 1046 2461 ὑμᾶς
1069 2379 1152 2446 Pat-

89 2491 238 2580 ls'ppcnses
260 2489 411 2576 imprimis
436 2487 591 2577 designat,
617 2473 861 2574 vorum'onures
878 2479 999 2570 tamen,
1019 2492 1159 2579 uthans
1242 2537 1248 2547 -

93 2617 180 2670 nonet
200 2627 352 2681 caorrus,
375 2613 682 2670 onnrsrrseotatores
702 2603 750 2668 sui
770 2604 911 2690 aequales
926 2605 1155 2690 complectitur.¹
1258 2601 1260 2605 ’

91 2717 318 2803 comparativum
334 2727 437 2783 autem
452 2709 678 2805 ἀναγκαιότερον
693 2737 866 2782 consumes
880 2717 1023 2803 quidem,
1037 2739 1156 2785 nesure,

91 2852 233 2898 museus
251 2830 382 2918 aliique,¹
403 2828 494 2898 ctiam
513 2830 698 2916 Interpretes
718 2829 817 2900 multo
835 2830 1038 2916 antiquiores,
1055 2832 1169 2917 expli-,.

90 2956 148 3008 cant
157 2953 326 3035 praestat·
346 2941 399 3008 sed
416 2944 503 3008 nulla
517 2943 553 3010 iis
571 2942 712 3010 habenda
730 2943 805 3010 fides
825 2953 877 3009 est.
906 2944 944 3008 In
959 2945 1035 3010 locis
1050 2944 1152 3022 enim,

91 3055 187 3140 quibus
211 3079 244 3122 se
268 3055 350 3122 tueri
375 3065 540 3132 conantur,
567 3049 766 3123 Adiectirum
784 3055 945 3142 ἀναγκαῖος
962 3055 1041 3122 nihil
1066 3057 1150 3125 aliud

91 3166 222 3253 significat
247 3191 343 3256 quam
367 3169 598 3234 necessarium.
645 3168 726 3234 Etsi
747 3169 796 3233 rel
814 3169 1040 3254 Comparativus
1058 3169 1152 3254 dray-

90 3278 220 3391 rcro'rspov
253 3281 369 3349 alieubi
393 3279 448 3344 de
484 3303 523 3344 eo
560 3279 696 3360 dicatur,
734 3281 819 3368 quod
849 3275 1033 3377 praestat}-
1067 3281 1148 3348 hano

90 3407 159 3462 certe
184 3395 351 3464 notionem⁴
370 3415 433 3460 uon
458 3392 582 3460 habehit
608 3395 642 3458 in
671 3395 836 3482 oratione,
853 3396 887 3462 in
917 3417 978 3482 qua
1009 3397 1149 3482 proxime

89 3509 227 3590 praecedit
250 3525 314 3578 von
331 3516 473 3594 κρεῖσσον.
514 3507 575 3574 Sed
598 3509 653 3594 qui
671 3509 917 3595 (temperativum
936 3510 979 3579 ita
996 3509 1148 3597 interpre-

89 3615 191 3701 tcnnir,
224 3632 362 3690 mentem
394 3621 525 3687 alienam
559 3619 704 3720 Apostolo
738 3621 902 3710 affingere,
933 3623 995 3690 iam
1027 3645 1145 3701 usurus,

14 3727 18 3738 '
87 3751 221 3800 insenos
247 3735 374 3821 aliique*
390 3734 460 3800 satis
485 3733 693 3822 ostenderunt.
738 3735 971 3821 doquicsoimus
994 3737 1145 3824 igitursin

89 3843 323 3934 interpretatione
340 3847 474 3934 vulgari:
493 3851 611 3937 magis
623 3871 751 3914 necesse
767 3849 832 3927 cst,
852 3873 981 3936 nempe,
996 3871 1093 3938 quam
1109 3858 1147 3917 ut

90 3961 329 4031 mendesidcrio
345 3959 501 4046 satisfiat.
538 3960 682 4050 Ceterum
703 3961 728 4026 si
746 3960 806 4026 hoc
821 3962 947 4031 effatum
960 3983 1067 4038 nsunt,
1083 3985 1146 4028 nou

89 4070 166 4138 eliam
181 4077 273 4143 vitam
290 4053 383 4163 quam
399 4074 457 4140 sibi
471 4095 683 4140 aerumnosam
701 4075 920 4160 praevidentis,
938 4075 1146 4146 meminissent

91 4177 296 4276 homines‚qui
313 4199 417 4274 postea
426 4187 534 4252 ardore
543 4187 674 4269 manco
683 4187 722 4252 ad
732 4190 865 4275 llartprii
874 4187 990 4254 scilicet
999 4210 1146 4255 coronam
1220 4269 1225 4280 Ι
1285 4209 1287 4216 ’

91 4313 285 4385 propararent,
301 4301 459 4368 audaciam
472 4301 621 4386 prolecto,
636 4313 672 4366 ut
685 4302 825 4383 arbitror,
840 4301 940 4387 pudor
950 4303 1145 4370 ootrcuissct.
1248 4295 1250 4302 '
