<?xml version="1.0" encoding="UTF-8"?>
<!DOCTYPE html PUBLIC "-//W3C//DTD XHTML 1.0 Transitional//EN"
    "http://www.w3.org/TR/xhtml1/DTD/xhtml1-transitional.dtd">
<html xmlns="http://www.w3.org/1999/xhtml" xml:lang="en" lang="en">
 <head>
  <title>
</title>
<meta http-equiv="Content-Type" content="text/html;charset=utf-8" />
  <meta name='ocr-system' content='tesseract 3.04.00' />
  <meta name='ocr-capabilities' content='ocr_page ocr_carea ocr_par ocr_line ocrx_word'/>
</head>
<body>
  <div class='ocr_page' id='page_1' title='image "./commentariusper01henggoog_0234.png"; bbox 0 0 2808 5032; ppageno 0'>
   <div class='ocr_carea' id='block_1_1' title="bbox 313 375 1113 470">
    <p class='ocr_par' dir='ltr' id='par_1_1' title="bbox 313 375 1113 470">
     <span class='ocr_line' id='line_1_1' title="bbox 313 375 1113 470; baseline -0.008 1"><span class='ocrx_word' id='word_1_1' title='bbox 313 421 315 426; x_wconf 87' lang='lat'>&#39;</span> <span class='ocrx_word' id='word_1_2' title='bbox 422 401 489 470; x_wconf 78' lang='lat' dir='ltr'>tarr.¹</span> <span class='ocrx_word' id='word_1_3' title='bbox 511 406 566 470; x_wconf 86' lang='lat' dir='ltr'>lli.</span> <span class='ocrx_word' id='word_1_4' title='bbox 592 427 675 470; x_wconf 82' lang='lat' dir='ltr'>vars.</span> <span class='ocrx_word' id='word_1_5' title='bbox 700 410 731 470; x_wconf 83' lang='grc'>8.</span> <span class='ocrx_word' id='word_1_6' title='bbox 908 375 914 392; x_wconf 88' lang='lat'><strong>.</strong></span> <span class='ocrx_word' id='word_1_7' title='bbox 1051 404 1113 466; x_wconf 78' lang='lat'>227</span> 
     </span>
    </p>
   </div>
   <div class='ocr_carea' id='block_1_2' title="bbox 23 582 1206 3740">
    <p class='ocr_par' dir='ltr' id='par_1_2' title="bbox 57 582 1118 1242">
     <span class='ocr_line' id='line_1_2' title="bbox 98 582 1114 679; baseline -0.005 -21"><span class='ocrx_word' id='word_1_8' title='bbox 98 595 154 660; x_wconf 90' lang='lat' dir='ltr'>Iam</span> <span class='ocrx_word' id='word_1_9' title='bbox 175 615 294 669; x_wconf 88' lang='lat' dir='ltr'>eorum,</span> <span class='ocrx_word' id='word_1_10' title='bbox 318 613 398 679; x_wconf 89' lang='lat' dir='ltr'>quae</span> <span class='ocrx_word' id='word_1_11' title='bbox 419 601 605 678; x_wconf 87' lang='lat' dir='ltr'>sequuntur:</span> <span class='ocrx_word' id='word_1_12' title='bbox 630 589 669 653; x_wconf 73' lang='grc' dir='ltr'>δι’</span> <span class='ocrx_word' id='word_1_13' title='bbox 689 585 723 654; x_wconf 77' lang='lat' dir='ltr'>dr</span> <span class='ocrx_word' id='word_1_14' title='bbox 743 590 782 655; x_wconf 81' lang='lat' dir='ltr'>roi</span> <span class='ocrx_word' id='word_1_15' title='bbox 801 582 901 670; x_wconf 73' lang='grc' dir='ltr'><strong><em>ιιιίιτιι</em></strong></span> <span class='ocrx_word' id='word_1_16' title='bbox 919 582 1114 673; x_wconf 62' lang='grc' dir='ltr'><strong><em>ἐζημιώθην,</em></strong></span> 
     </span>
     <span class='ocr_line' id='line_1_3' title="bbox 60 698 1112 792; baseline -0.012 -21"><span class='ocrx_word' id='word_1_17' title='bbox 60 729 117 792; x_wconf 86' lang='lat' dir='ltr'>pars</span> <span class='ocrx_word' id='word_1_18' title='bbox 137 707 296 792; x_wconf 72' lang='lat' dir='ltr'>posterior,</span> <span class='ocrx_word' id='word_1_19' title='bbox 322 723 459 769; x_wconf 66' lang='lat' dir='ltr'>numus</span> <span class='ocrx_word' id='word_1_20' title='bbox 481 721 513 768; x_wconf 85' lang='lat' dir='ltr'>se</span> <span class='ocrx_word' id='word_1_21' title='bbox 533 701 616 766; x_wconf 88' lang='lat' dir='ltr'>haud</span> <span class='ocrx_word' id='word_1_22' title='bbox 639 702 716 766; x_wconf 80' lang='lat' dir='ltr'>scire</span> <span class='ocrx_word' id='word_1_23' title='bbox 739 701 796 777; x_wconf 86' lang='lat' dir='ltr'>eit,</span> <span class='ocrx_word' id='word_1_24' title='bbox 828 721 868 765; x_wconf 81' lang='lat' dir='ltr'>arr</span> <span class='ocrx_word' id='word_1_25' title='bbox 890 698 1035 764; x_wconf 84' lang='lat' dir='ltr'>vertenda</span> <span class='ocrx_word' id='word_1_26' title='bbox 1055 699 1112 761; x_wconf 82' lang='lat' dir='ltr'>sitr</span> 
     </span>
     <span class='ocr_line' id='line_1_4' title="bbox 60 813 1115 904; baseline -0.007 -23"><span class='ocrx_word' id='word_1_27' title='bbox 60 825 88 882; x_wconf 84' lang='grc' dir='ltr'>ιἰι</span> <span class='ocrx_word' id='word_1_28' title='bbox 113 821 245 886; x_wconf 75' lang='lat' dir='ltr'>oomedas</span> <span class='ocrx_word' id='word_1_29' title='bbox 265 819 457 884; x_wconf 78' lang='lat' dir='ltr'>detre&#39;rrterrto</span> <span class='ocrx_word' id='word_1_30' title='bbox 479 837 549 881; x_wconf 79' lang='lat' dir='ltr'>som</span> <span class='ocrx_word' id='word_1_31' title='bbox 573 813 720 904; x_wconf 80' lang='lat' dir='ltr'>effectus.</span> <span class='ocrx_word' id='word_1_32' title='bbox 766 814 828 878; x_wconf 84' lang='lat' dir='ltr'>Sed</span> <span class='ocrx_word' id='word_1_33' title='bbox 846 813 991 900; x_wconf 85' lang='lat' dir='ltr'>plerique</span> <span class='ocrx_word' id='word_1_34' title='bbox 1011 813 1115 876; x_wconf 78' lang='lat' dir='ltr'>loter-</span> 
     </span>
     <span class='ocr_line' id='line_1_5' title="bbox 58 919 1116 1017; baseline -0.01 -20"><span class='ocrx_word' id='word_1_35' title='bbox 58 943 143 1017; x_wconf 83' lang='lat' dir='ltr'>preter</span> <span class='ocrx_word' id='word_1_36' title='bbox 168 932 286 997; x_wconf 80' lang='lat' dir='ltr'>Acristo</span> <span class='ocrx_word' id='word_1_37' title='bbox 309 931 420 998; x_wconf 72' lang='lat' dir='ltr'>Pestici</span> <span class='ocrx_word' id='word_1_38' title='bbox 442 931 600 996; x_wconf 82' lang='lat' dir='ltr'>notionem</span> <span class='ocrx_word' id='word_1_39' title='bbox 622 927 713 993; x_wconf 83' lang='lat' dir='ltr'>Medii</span> <span class='ocrx_word' id='word_1_40' title='bbox 734 919 886 990; x_wconf 80' lang='lat' dir='ltr'>tribuunt.</span> <span class='ocrx_word' id='word_1_41' title='bbox 932 924 1024 1006; x_wconf 84' lang='lat' dir='ltr'>Quod</span> <span class='ocrx_word' id='word_1_42' title='bbox 1048 923 1116 987; x_wconf 83' lang='lat' dir='ltr'>fieri</span> 
     </span>
     <span class='ocr_line' id='line_1_6' title="bbox 58 1025 1116 1129; baseline -0.008 -21"><span class='ocrx_word' id='word_1_43' title='bbox 58 1065 145 1126; x_wconf 87' lang='lat' dir='ltr'>posse,</span> <span class='ocrx_word' id='word_1_44' title='bbox 167 1043 255 1110; x_wconf 88' lang='lat' dir='ltr'>dooet</span> <span class='ocrx_word' id='word_1_45' title='bbox 277 1062 349 1108; x_wconf 86' lang='lat' dir='ltr'>usus</span> <span class='ocrx_word' id='word_1_46' title='bbox 371 1025 541 1107; x_wconf 88' lang='lat' dir='ltr'>multorum</span> <span class='ocrx_word' id='word_1_47' title='bbox 563 1042 738 1111; x_wconf 78' lang='lat' dir='ltr'><strong>Verborum</strong></span> <span class='ocrx_word' id='word_1_48' title='bbox 759 1037 823 1129; x_wconf 79' lang='lat'>(1),</span> <span class='ocrx_word' id='word_1_49' title='bbox 848 1037 940 1103; x_wconf 89' lang='lat' dir='ltr'>etiarn</span> <span class='ocrx_word' id='word_1_50' title='bbox 961 1038 1116 1122; x_wconf 85' lang='lat' dir='ltr'>Participii</span> 
     </span>
     <span class='ocr_line' id='line_1_7' title="bbox 57 1151 1118 1242; baseline -0.009 -22"><span class='ocrx_word' id='word_1_51' title='bbox 57 1157 206 1242; x_wconf 73' lang='grc' dir='ltr'><strong><em>ζημιωθείς</em></strong></span> <span class='ocrx_word' id='word_1_52' title='bbox 224 1157 303 1223; x_wconf 75' lang='lat' dir='ltr'>Luc.</span> <span class='ocrx_word' id='word_1_53' title='bbox 327 1157 390 1220; x_wconf 85' lang='lat' dir='ltr'>IX:</span> <span class='ocrx_word' id='word_1_54' title='bbox 414 1160 468 1222; x_wconf 75' lang='lat'>25.</span> <span class='ocrx_word' id='word_1_55' title='bbox 513 1156 622 1242; x_wconf 84' lang='lat' dir='ltr'>Neque</span> <span class='ocrx_word' id='word_1_56' title='bbox 643 1151 695 1218; x_wconf 82' lang='lat' dir='ltr'>itio</span> <span class='ocrx_word' id='word_1_57' title='bbox 717 1156 812 1219; x_wconf 76' lang='lat' dir='ltr'>iocus</span> <span class='ocrx_word' id='word_1_58' title='bbox 827 1151 911 1218; x_wconf 90' lang='lat' dir='ltr'>aliud</span> <span class='ocrx_word' id='word_1_59' title='bbox 932 1151 1017 1214; x_wconf 86' lang='lat' dir='ltr'>serre</span> <span class='ocrx_word' id='word_1_60' title='bbox 1033 1151 1118 1214; x_wconf 33' lang='lat' dir='ltr'>ride-r</span> 
     </span>
    </p>

    <p class='ocr_par' dir='ltr' id='par_1_3' title="bbox 28 1258 1206 2143">
     <span class='ocr_line' id='line_1_8' title="bbox 28 1258 1118 1354; baseline -0.002 -23"><span class='ocrx_word' id='word_1_61' title='bbox 28 1295 31 1308; x_wconf 93' lang='lat'>·</span> <span class='ocrx_word' id='word_1_62' title='bbox 56 1279 112 1346; x_wconf 90' lang='lat' dir='ltr'>tur,</span> <span class='ocrx_word' id='word_1_63' title='bbox 134 1287 204 1334; x_wconf 83' lang='lat' dir='ltr'>cunr</span> <span class='ocrx_word' id='word_1_64' title='bbox 225 1281 256 1336; x_wconf 90' lang='lat' dir='ltr'>et</span> <span class='ocrx_word' id='word_1_65' title='bbox 270 1269 336 1334; x_wconf 88' lang='lat' dir='ltr'>sibi</span> <span class='ocrx_word' id='word_1_66' title='bbox 357 1280 468 1334; x_wconf 84' lang='lat' dir='ltr'>mutuo</span> <span class='ocrx_word' id='word_1_67' title='bbox 490 1268 694 1354; x_wconf 82' lang='lat' dir='ltr'>respondeant</span> <span class='ocrx_word' id='word_1_68' title='bbox 714 1258 831 1354; x_wconf 57' lang='grc' dir='ltr'><strong><em>ἦνημαι</em></strong></span> <span class='ocrx_word' id='word_1_69' title='bbox 856 1264 969 1353; x_wconf 81' lang='grc' dir='ltr'><strong><em>ζημίαν</em></strong></span> <span class='ocrx_word' id='word_1_70' title='bbox 995 1273 1025 1327; x_wconf 88' lang='lat' dir='ltr'>et</span> <span class='ocrx_word' id='word_1_71' title='bbox 1045 1265 1081 1342; x_wconf 76' lang='grc' dir='ltr'>ἐζ</span> <span class='ocrx_word' id='word_1_72' title='bbox 1101 1298 1118 1314; x_wconf 55' lang='lat'><strong><em>⁴</em></strong></span> 
     </span>
     <span class='ocr_line' id='line_1_9' title="bbox 55 1374 1118 1466; baseline -0.005 -23"><span class='ocrx_word' id='word_1_73' title='bbox 55 1374 228 1466; x_wconf 65' lang='grc' dir='ltr'>μιῶθηηθῐ</span> <span class='ocrx_word' id='word_1_74' title='bbox 249 1381 284 1448; x_wconf 86' lang='lat' dir='ltr'>in</span> <span class='ocrx_word' id='word_1_75' title='bbox 306 1383 476 1448; x_wconf 85' lang='lat' dir='ltr'>orationem</span> <span class='ocrx_word' id='word_1_76' title='bbox 499 1393 674 1464; x_wconf 81' lang='lat' dir='ltr'>contextam</span> <span class='ocrx_word' id='word_1_77' title='bbox 690 1399 754 1445; x_wconf 90' lang='lat' dir='ltr'>non</span> <span class='ocrx_word' id='word_1_78' title='bbox 772 1375 1118 1462; x_wconf 64' lang='lat' dir='ltr'>creaturarumque</span> 
     </span>
     <span class='ocr_line' id='line_1_10' title="bbox 56 1490 1118 1582; baseline -0.005 -26"><span class='ocrx_word' id='word_1_79' title='bbox 56 1511 144 1573; x_wconf 79' lang='lat' dir='ltr'>pessos</span> <span class='ocrx_word' id='word_1_80' title='bbox 170 1495 208 1558; x_wconf 86' lang='lat' dir='ltr'>sit</span> <span class='ocrx_word' id='word_1_81' title='bbox 239 1515 369 1574; x_wconf 71' lang='lat' dir='ltr'>ramos,</span> <span class='ocrx_word' id='word_1_82' title='bbox 400 1495 453 1560; x_wconf 86' lang='lat' dir='ltr'>sed</span> <span class='ocrx_word' id='word_1_83' title='bbox 481 1495 558 1581; x_wconf 92' lang='lat' dir='ltr'>quid</span> <span class='ocrx_word' id='word_1_84' title='bbox 588 1495 685 1559; x_wconf 84' lang='lat' dir='ltr'>iibere</span> <span class='ocrx_word' id='word_1_85' title='bbox 709 1493 874 1582; x_wconf 80' lang='lat' dir='ltr'><strong>peregerit.</strong></span> <span class='ocrx_word' id='word_1_86' title='bbox 920 1490 1118 1556; x_wconf 81' lang='lat' dir='ltr'>Accusativus</span> 
     </span>
     <span class='ocr_line' id='line_1_11' title="bbox 55 1589 1118 1692; baseline 0.002 -27"><span class='ocrx_word' id='word_1_87' title='bbox 55 1589 194 1674; x_wconf 72' lang='lat' dir='ltr'>aorru‘rat</span> <span class='ocrx_word' id='word_1_88' title='bbox 212 1603 314 1675; x_wconf 77' lang='lat' dir='ltr'>recino</span> <span class='ocrx_word' id='word_1_89' title='bbox 333 1608 417 1674; x_wconf 89' lang='lat' dir='ltr'>idem</span> <span class='ocrx_word' id='word_1_90' title='bbox 439 1607 514 1673; x_wconf 84' lang='lat' dir='ltr'>dicit</span> <span class='ocrx_word' id='word_1_91' title='bbox 529 1603 736 1686; x_wconf 50' lang='lat' dir='ltr'>acutiores&amp;</span> <span class='ocrx_word' id='word_1_92' title='bbox 754 1599 870 1692; x_wconf 74' lang='grc' dir='ltr'><strong><em>ἥγημαι</em></strong></span> <span class='ocrx_word' id='word_1_93' title='bbox 891 1607 1012 1692; x_wconf 70' lang='grc' dir='ltr'><strong><em>ζημιάν.</em></strong></span> <span class='ocrx_word' id='word_1_94' title='bbox 1035 1607 1118 1669; x_wconf 82' lang='lat' dir='ltr'>Mens</span> 
     </span>
     <span class='ocr_line' id='line_1_12' title="bbox 54 1699 1119 1807; baseline -0.001 -28"><span class='ocrx_word' id='word_1_95' title='bbox 54 1713 135 1801; x_wconf 80' lang='lat' dir='ltr'>igitur</span> <span class='ocrx_word' id='word_1_96' title='bbox 153 1699 296 1785; x_wconf 70' lang='lat' dir='ltr'>¹reuerteris</span> <span class='ocrx_word' id='word_1_97' title='bbox 324 1733 384 1786; x_wconf 80' lang='lat' dir='ltr'>ert:</span> <span class='ocrx_word' id='word_1_98' title='bbox 422 1723 517 1786; x_wconf 75' lang='lat' dir='ltr'>oeteo</span> <span class='ocrx_word' id='word_1_99' title='bbox 538 1739 640 1785; x_wconf 78' lang='lat' dir='ltr'>eausa</span> <span class='ocrx_word' id='word_1_100' title='bbox 659 1721 793 1807; x_wconf 80' lang='lat' dir='ltr'>foetum</span> <span class='ocrx_word' id='word_1_101' title='bbox 819 1727 885 1801; x_wconf 84' lang='lat' dir='ltr'>est,</span> <span class='ocrx_word' id='word_1_102' title='bbox 916 1726 954 1782; x_wconf 81' lang='lat' dir='ltr'>ut</span> <span class='ocrx_word' id='word_1_103' title='bbox 977 1741 1026 1784; x_wconf 85' lang='lat' dir='ltr'>me</span> <span class='ocrx_word' id='word_1_104' title='bbox 1046 1720 1119 1782; x_wconf 69' lang='lat' dir='ltr'>itt-te</span> 
     </span>
     <span class='ocr_line' id='line_1_13' title="bbox 48 1831 1206 1928; baseline 0.001 -35"><span class='ocrx_word' id='word_1_105' title='bbox 48 1831 206 1913; x_wconf 79' lang='lat' dir='ltr'>privarem</span> <span class='ocrx_word' id='word_1_106' title='bbox 234 1834 392 1901; x_wconf 76' lang='lat' dir='ltr'>omnibus.</span> <span class='ocrx_word' id='word_1_107' title='bbox 439 1833 531 1915; x_wconf 82' lang='lat' dir='ltr'>Quod</span> <span class='ocrx_word' id='word_1_108' title='bbox 559 1834 691 1920; x_wconf 80' lang='lat' dir='ltr'>quisque</span> <span class='ocrx_word' id='word_1_109' title='bbox 711 1831 812 1908; x_wconf 81' lang='lat' dir='ltr'>videt,</span> <span class='ocrx_word' id='word_1_110' title='bbox 836 1851 1026 1918; x_wconf 87' lang='lat' dir='ltr'>quamquam</span> <span class='ocrx_word' id='word_1_111' title='bbox 1047 1851 1120 1897; x_wconf 87' lang='lat' dir='ltr'>oum</span> <span class='ocrx_word' id='word_1_112' title='bbox 1202 1915 1206 1928; x_wconf 35' lang='grc' dir='ltr'>Ι</span> 
     </span>
     <span class='ocr_line' id='line_1_14' title="bbox 54 1945 1120 2024; baseline 0.002 -18"><span class='ocrx_word' id='word_1_113' title='bbox 54 1945 294 2024; x_wconf 66' lang='lat' dir='ltr'>praecedentibus</span> <span class='ocrx_word' id='word_1_114' title='bbox 319 1947 482 2012; x_wconf 72' lang='lat' dir='ltr'>domim</span> <span class='ocrx_word' id='word_1_115' title='bbox 506 1947 602 2012; x_wconf 83' lang='lat' dir='ltr'>illum</span> <span class='ocrx_word' id='word_1_116' title='bbox 621 1945 705 2009; x_wconf 71' lang='lat' dir='ltr'>miti</span> <span class='ocrx_word' id='word_1_117' title='bbox 720 1949 928 2010; x_wconf 70' lang='lat' dir='ltr'>contritorem</span> <span class='ocrx_word' id='word_1_118' title='bbox 951 1955 1036 2010; x_wconf 87' lang='lat' dir='ltr'>arcte</span> <span class='ocrx_word' id='word_1_119' title='bbox 1069 1968 1120 2009; x_wconf 90' lang='lat' dir='ltr'>co-</span> 
     </span>
     <span class='ocr_line' id='line_1_15' title="bbox 54 2050 1119 2143; baseline 0.006 -29"><span class='ocrx_word' id='word_1_120' title='bbox 54 2050 175 2135; x_wconf 76' lang='lat' dir='ltr'>haereat,</span> <span class='ocrx_word' id='word_1_121' title='bbox 200 2058 348 2124; x_wconf 87' lang='lat' dir='ltr'>orationis</span> <span class='ocrx_word' id='word_1_122' title='bbox 370 2061 473 2124; x_wconf 61' lang='lat' dir='ltr'>umen</span> <span class='ocrx_word' id='word_1_123' title='bbox 495 2079 621 2124; x_wconf 86' lang='lat' dir='ltr'>cursum</span> <span class='ocrx_word' id='word_1_124' title='bbox 639 2056 867 2143; x_wconf 82' lang='lat' dir='ltr'>quodammodo</span> <span class='ocrx_word' id='word_1_125' title='bbox 884 2058 1119 2143; x_wconf 73' lang='lat' dir='ltr'>interrumpere.</span> 
     </span>
    </p>

    <p class='ocr_par' dir='ltr' id='par_1_4' title="bbox 32 2165 1124 2705">
     <span class='ocr_line' id='line_1_16' title="bbox 32 2165 1121 2258; baseline 0.004 -28"><span class='ocrx_word' id='word_1_126' title='bbox 32 2233 37 2246; x_wconf 54' lang='grc'><strong>,</strong></span> <span class='ocrx_word' id='word_1_127' title='bbox 54 2165 104 2230; x_wconf 83' lang='lat' dir='ltr'>Sed</span> <span class='ocrx_word' id='word_1_128' title='bbox 124 2169 260 2254; x_wconf 77' lang='lat' dir='ltr'>quaestio</span> <span class='ocrx_word' id='word_1_129' title='bbox 283 2193 369 2237; x_wconf 90' lang='lat' dir='ltr'>nunc</span> <span class='ocrx_word' id='word_1_130' title='bbox 392 2182 452 2249; x_wconf 86' lang='lat' dir='ltr'>est,</span> <span class='ocrx_word' id='word_1_131' title='bbox 473 2169 644 2258; x_wconf 88' lang='lat' dir='ltr'>sequentia:</span> <span class='ocrx_word' id='word_1_132' title='bbox 667 2172 718 2235; x_wconf 75' lang='lat' dir='ltr'>eui</span> <span class='ocrx_word' id='word_1_133' title='bbox 736 2169 868 2255; x_wconf 68' lang='grc' dir='ltr'><strong><em>ἠγοῦμαι</em></strong></span> <span class='ocrx_word' id='word_1_134' title='bbox 885 2168 1026 2254; x_wconf 63' lang='grc' dir='ltr'>’σκύβαλα</span> <span class='ocrx_word' id='word_1_135' title='bbox 1038 2167 1121 2246; x_wconf 76' lang='grc' dir='ltr'><strong><em>εἶναι,</em></strong></span> 
     </span>
     <span class='ocr_line' id='line_1_17' title="bbox 49 2279 1122 2371; baseline -0.001 -28"><span class='ocrx_word' id='word_1_136' title='bbox 49 2279 92 2343; x_wconf 77' lang='lat' dir='ltr'>‘iro</span> <span class='ocrx_word' id='word_1_137' title='bbox 108 2281 241 2370; x_wconf 71' lang='grc' dir='ltr'><strong><em>Χριστὸν</em></strong></span> <span class='ocrx_word' id='word_1_138' title='bbox 261 2281 416 2371; x_wconf 78' lang='grc' dir='ltr'>κερδήσω,</span> <span class='ocrx_word' id='word_1_139' title='bbox 436 2283 508 2348; x_wconf 87' lang='lat' dir='ltr'>talia</span> <span class='ocrx_word' id='word_1_140' title='bbox 530 2283 607 2358; x_wconf 89' lang='lat' dir='ltr'>sint,</span> <span class='ocrx_word' id='word_1_141' title='bbox 631 2293 666 2344; x_wconf 87' lang='lat' dir='ltr'>ut</span> <span class='ocrx_word' id='word_1_142' title='bbox 688 2293 795 2346; x_wconf 81' lang='lat' dir='ltr'>auctor</span> <span class='ocrx_word' id='word_1_143' title='bbox 818 2283 854 2345; x_wconf 91' lang='lat' dir='ltr'>iis</span> <span class='ocrx_word' id='word_1_144' title='bbox 878 2282 1021 2346; x_wconf 88' lang='lat' dir='ltr'>orationis</span> <span class='ocrx_word' id='word_1_145' title='bbox 1047 2303 1122 2346; x_wconf 87' lang='lat' dir='ltr'>cur-</span> 
     </span>
     <span class='ocr_line' id='line_1_18' title="bbox 52 2392 1121 2482; baseline 0.004 -31"><span class='ocrx_word' id='word_1_146' title='bbox 52 2409 111 2454; x_wconf 89' lang='lat' dir='ltr'>sum</span> <span class='ocrx_word' id='word_1_147' title='bbox 139 2392 370 2480; x_wconf 86' lang='lat' dir='ltr'>interrumpere</span> <span class='ocrx_word' id='word_1_148' title='bbox 401 2405 523 2482; x_wconf 81' lang='lat' dir='ltr'>pergat,</span> <span class='ocrx_word' id='word_1_149' title='bbox 550 2416 589 2458; x_wconf 89' lang='lat' dir='ltr'>arr</span> <span class='ocrx_word' id='word_1_150' title='bbox 609 2393 685 2458; x_wconf 89' lang='lat' dir='ltr'>illuc</span> <span class='ocrx_word' id='word_1_151' title='bbox 705 2393 806 2457; x_wconf 91' lang='lat' dir='ltr'>redire</span> <span class='ocrx_word' id='word_1_152' title='bbox 827 2394 964 2478; x_wconf 86' lang='lat' dir='ltr'>incipiat.</span> <span class='ocrx_word' id='word_1_153' title='bbox 1009 2395 1121 2458; x_wconf 87' lang='lat' dir='ltr'>Utrum</span> 
     </span>
     <span class='ocr_line' id='line_1_19' title="bbox 55 2493 1124 2590; baseline 0.003 -26"><span class='ocrx_word' id='word_1_154' title='bbox 55 2503 107 2564; x_wconf 88' lang='lat' dir='ltr'>utri</span> <span class='ocrx_word' id='word_1_155' title='bbox 135 2493 324 2590; x_wconf 82' lang='lat' dir='ltr'>praefertur,</span> <span class='ocrx_word' id='word_1_156' title='bbox 359 2507 466 2572; x_wconf 86' lang='lat' dir='ltr'>eadem</span> <span class='ocrx_word' id='word_1_157' title='bbox 489 2519 594 2571; x_wconf 89' lang='lat' dir='ltr'>manet</span> <span class='ocrx_word' id='word_1_158' title='bbox 618 2507 782 2570; x_wconf 83' lang='lat' dir='ltr'>verborum</span> <span class='ocrx_word' id='word_1_159' title='bbox 803 2506 1006 2584; x_wconf 87' lang='lat' dir='ltr'>abnndantia,</span> <span class='ocrx_word' id='word_1_160' title='bbox 1029 2507 1124 2570; x_wconf 89' lang='lat' dir='ltr'>enimi</span> 
     </span>
     <span class='ocr_line' id='line_1_20' title="bbox 52 2591 1123 2705; baseline 0.002 -25"><span class='ocrx_word' id='word_1_161' title='bbox 52 2591 490 2686; x_wconf 44' lang='lat' dir='ltr'>commotioncmtestitieanss</span> <span class='ocrx_word' id='word_1_162' title='bbox 524 2620 646 2684; x_wconf 79' lang='lat' dir='ltr'>Pronus</span> <span class='ocrx_word' id='word_1_163' title='bbox 668 2619 772 2696; x_wconf 85' lang='lat' dir='ltr'>eninr,</span> <span class='ocrx_word' id='word_1_164' title='bbox 795 2629 832 2682; x_wconf 87' lang='lat' dir='ltr'>ut</span> <span class='ocrx_word' id='word_1_165' title='bbox 856 2640 899 2684; x_wconf 82' lang='lat' dir='ltr'>rs.</span> <span class='ocrx_word' id='word_1_166' title='bbox 925 2624 961 2697; x_wconf 92' lang='lat'>5,</span> <span class='ocrx_word' id='word_1_167' title='bbox 985 2623 1006 2686; x_wconf 89' lang='lat'>6</span> <span class='ocrx_word' id='word_1_168' title='bbox 1030 2639 1123 2705; x_wconf 87' lang='lat' dir='ltr'>quam</span> 
     </span>
    </p>

    <p class='ocr_par' dir='ltr' id='par_1_5' title="bbox 23 2727 1129 3740">
     <span class='ocr_line' id='line_1_21' title="bbox 23 2727 1125 2818; baseline 0.005 -28"><span class='ocrx_word' id='word_1_169' title='bbox 23 2733 28 2743; x_wconf 86' lang='lat'>&#39;</span> <span class='ocrx_word' id='word_1_170' title='bbox 53 2727 220 2798; x_wconf 82' lang='lat' dir='ltr'>brevissime</span> <span class='ocrx_word' id='word_1_171' title='bbox 243 2733 429 2798; x_wconf 84' lang='lat' dir='ltr'>memoriam</span> <span class='ocrx_word' id='word_1_172' title='bbox 443 2733 552 2818; x_wconf 76' lang='lat' dir='ltr'>repetit</span> <span class='ocrx_word' id='word_1_173' title='bbox 573 2750 691 2810; x_wconf 80' lang='lat' dir='ltr'>eorum,¹</span> <span class='ocrx_word' id='word_1_174' title='bbox 705 2732 816 2818; x_wconf 84' lang='lat' dir='ltr'>quibus</span> <span class='ocrx_word' id='word_1_175' title='bbox 834 2732 913 2796; x_wconf 80' lang='lat' dir='ltr'>olim</span> <span class='ocrx_word' id='word_1_176' title='bbox 924 2731 1055 2798; x_wconf 88' lang='lat' dir='ltr'>confisus</span> <span class='ocrx_word' id='word_1_177' title='bbox 1071 2743 1125 2809; x_wconf 70' lang='lat' dir='ltr'>est,</span> 
     </span>
     <span class='ocr_line' id='line_1_22' title="bbox 53 2838 1125 2931; baseline 0.002 -25"><span class='ocrx_word' id='word_1_178' title='bbox 53 2838 90 2906; x_wconf 81' lang='lat' dir='ltr'>sio</span> <span class='ocrx_word' id='word_1_179' title='bbox 106 2866 147 2910; x_wconf 85' lang='lat' dir='ltr'>rs.</span> <span class='ocrx_word' id='word_1_180' title='bbox 169 2849 207 2923; x_wconf 86' lang='lat'>8,</span> <span class='ocrx_word' id='word_1_181' title='bbox 229 2847 275 2924; x_wconf 78' lang='lat'>9,</span> <span class='ocrx_word' id='word_1_182' title='bbox 298 2850 341 2912; x_wconf 87' lang='lat'>10</span> <span class='ocrx_word' id='word_1_183' title='bbox 360 2847 394 2911; x_wconf 87' lang='lat' dir='ltr'>iu</span> <span class='ocrx_word' id='word_1_184' title='bbox 418 2844 606 2931; x_wconf 78' lang='lat' dir='ltr'>exponendis</span> <span class='ocrx_word' id='word_1_185' title='bbox 627 2844 678 2921; x_wconf 84' lang='lat' dir='ltr'>iis,</span> <span class='ocrx_word' id='word_1_186' title='bbox 702 2845 862 2929; x_wconf 88' lang='lat' dir='ltr'>quaesibi</span> <span class='ocrx_word' id='word_1_187' title='bbox 880 2841 1125 2911; x_wconf 62' lang='lat' dir='ltr'>nnno&#39;salutaria</span> 
     </span>
     <span class='ocr_line' id='line_1_23' title="bbox 52 2949 1126 3046; baseline 0.002 -26"><span class='ocrx_word' id='word_1_188' title='bbox 52 2949 149 3037; x_wconf 78' lang='lat' dir='ltr'>tabet,</span> <span class='ocrx_word' id='word_1_189' title='bbox 172 2971 330 3046; x_wconf 86' lang='lat' dir='ltr'>tanquam</span> <span class='ocrx_word' id='word_1_190' title='bbox 347 2976 477 3024; x_wconf 86' lang='lat' dir='ltr'>amoeno</span> <span class='ocrx_word' id='word_1_191' title='bbox 498 2960 535 3024; x_wconf 86' lang='lat' dir='ltr'>in</span> <span class='ocrx_word' id='word_1_192' title='bbox 552 2960 638 3036; x_wconf 88' lang='lat' dir='ltr'>loon,</span> <span class='ocrx_word' id='word_1_193' title='bbox 662 2958 718 3022; x_wconf 82' lang='lat' dir='ltr'>dira</span> <span class='ocrx_word' id='word_1_194' title='bbox 730 2970 947 3025; x_wconf 85' lang='lat' dir='ltr'>commoratur.</span> <span class='ocrx_word' id='word_1_195' title='bbox 993 2961 1076 3045; x_wconf 83' lang='lat' dir='ltr'>Ergo</span> <span class='ocrx_word' id='word_1_196' title='bbox 1088 2959 1126 3024; x_wconf 90' lang='lat' dir='ltr'>ad</span> 
     </span>
     <span class='ocr_line' id='line_1_24' title="bbox 52 3071 1127 3150; baseline 0.006 -19"><span class='ocrx_word' id='word_1_197' title='bbox 52 3073 258 3150; x_wconf 87' lang='lat' dir='ltr'>quaestionem</span> <span class='ocrx_word' id='word_1_198' title='bbox 286 3071 499 3138; x_wconf 83' lang='lat' dir='ltr'>dirimendam</span> <span class='ocrx_word' id='word_1_199' title='bbox 530 3072 591 3137; x_wconf 86' lang='lat' dir='ltr'>alia</span> <span class='ocrx_word' id='word_1_200' title='bbox 622 3071 782 3139; x_wconf 81' lang='lat' dir='ltr'>observare</span> <span class='ocrx_word' id='word_1_201' title='bbox 804 3093 930 3138; x_wconf 86' lang='lat' dir='ltr'>neeesse</span> <span class='ocrx_word' id='word_1_202' title='bbox 951 3072 1019 3138; x_wconf 91' lang='lat' dir='ltr'>erit.</span> <span class='ocrx_word' id='word_1_203' title='bbox 1063 3071 1127 3137; x_wconf 88' lang='lat' dir='ltr'>Nec</span> 
     </span>
     <span class='ocr_line' id='line_1_25' title="bbox 50 3179 1127 3271; baseline 0.006 -29"><span class='ocrx_word' id='word_1_204' title='bbox 50 3179 259 3258; x_wconf 82' lang='lat' dir='ltr'>deriderentur</span> <span class='ocrx_word' id='word_1_205' title='bbox 284 3207 357 3251; x_wconf 81' lang='lat' dir='ltr'>serae</span> <span class='ocrx_word' id='word_1_206' title='bbox 376 3187 534 3263; x_wconf 80' lang='lat' dir='ltr'>rationes,</span> <span class='ocrx_word' id='word_1_207' title='bbox 564 3206 644 3271; x_wconf 88' lang='lat' dir='ltr'>quae</span> <span class='ocrx_word' id='word_1_208' title='bbox 673 3183 754 3250; x_wconf 87' lang='lat' dir='ltr'>hene</span> <span class='ocrx_word' id='word_1_209' title='bbox 778 3185 924 3251; x_wconf 84' lang='lat' dir='ltr'>suadeant</span> <span class='ocrx_word' id='word_1_210' title='bbox 942 3197 1127 3254; x_wconf 83' lang='lat' dir='ltr'>structuram</span> 
     </span>
     <span class='ocr_line' id='line_1_26' title="bbox 52 3295 1128 3386; baseline 0.004 -26"><span class='ocrx_word' id='word_1_211' title='bbox 52 3296 202 3378; x_wconf 83' lang='lat' dir='ltr'>orationis,</span> <span class='ocrx_word' id='word_1_212' title='bbox 232 3311 271 3364; x_wconf 87' lang='lat' dir='ltr'>ut</span> <span class='ocrx_word' id='word_1_213' title='bbox 291 3310 413 3379; x_wconf 86' lang='lat' dir='ltr'>auctor,</span> <span class='ocrx_word' id='word_1_214' title='bbox 436 3299 536 3364; x_wconf 82' lang='lat' dir='ltr'>verbis</span> <span class='ocrx_word' id='word_1_215' title='bbox 564 3299 604 3365; x_wconf 70' lang='grc' dir='ltr'>δι’</span> <span class='ocrx_word' id='word_1_216' title='bbox 624 3295 658 3364; x_wconf 78' lang='lat' dir='ltr'>de</span> <span class='ocrx_word' id='word_1_217' title='bbox 677 3297 718 3364; x_wconf 62' lang='grc' dir='ltr'>τι)</span> <span class='ocrx_word' id='word_1_218' title='bbox 736 3295 836 3374; x_wconf 66' lang='lat' dir='ltr'>odrae</span> <span class='ocrx_word' id='word_1_219' title='bbox 851 3297 1036 3386; x_wconf 61' lang='grc' dir='ltr'><strong><em>ἐζημιώθην</em></strong></span> <span class='ocrx_word' id='word_1_220' title='bbox 1056 3311 1128 3365; x_wconf 88' lang='lat' dir='ltr'>tarr—</span> 
     </span>
     <span class='ocr_line' id='line_1_27' title="bbox 50 3399 1129 3506; baseline 0.005 -36"><span class='ocrx_word' id='word_1_221' title='bbox 50 3425 137 3506; x_wconf 81' lang='lat' dir='ltr'>quern</span> <span class='ocrx_word' id='word_1_222' title='bbox 157 3413 193 3477; x_wconf 90' lang='lat' dir='ltr'>in</span> <span class='ocrx_word' id='word_1_223' title='bbox 217 3399 400 3488; x_wconf 78' lang='lat' dir='ltr'>Parenthesi</span> <span class='ocrx_word' id='word_1_224' title='bbox 422 3411 543 3498; x_wconf 85' lang='lat' dir='ltr'>positis,</span> <span class='ocrx_word' id='word_1_225' title='bbox 561 3411 594 3476; x_wconf 91' lang='lat' dir='ltr'>irr</span> <span class='ocrx_word' id='word_1_226' title='bbox 616 3411 697 3475; x_wconf 88' lang='lat' dir='ltr'>viam</span> <span class='ocrx_word' id='word_1_227' title='bbox 719 3422 888 3475; x_wconf 88' lang='lat' dir='ltr'>revertatur</span> <span class='ocrx_word' id='word_1_228' title='bbox 906 3412 1067 3477; x_wconf 88' lang='lat' dir='ltr'>scribendo</span> <span class='ocrx_word' id='word_1_229' title='bbox 1080 3415 1129 3478; x_wconf 80' lang='grc' dir='ltr'>καὶ</span> 
     </span>
     <span class='ocr_line' id='line_1_28' title="bbox 50 3514 1128 3620; baseline 0.002 -34"><span class='ocrx_word' id='word_1_230' title='bbox 50 3516 173 3620; x_wconf 69' lang='grc' dir='ltr'>ἠγοῦμαι</span> <span class='ocrx_word' id='word_1_231' title='bbox 204 3535 269 3592; x_wconf 87' lang='lat' dir='ltr'>cet.</span> <span class='ocrx_word' id='word_1_232' title='bbox 320 3525 474 3590; x_wconf 86' lang='lat' dir='ltr'>Nimirum</span> <span class='ocrx_word' id='word_1_233' title='bbox 504 3514 579 3591; x_wconf 39' lang='lat' dir='ltr'>hoo*</span> <span class='ocrx_word' id='word_1_234' title='bbox 592 3525 708 3612; x_wconf 88' lang='lat' dir='ltr'>p&#39;osito,</span> <span class='ocrx_word' id='word_1_235' title='bbox 741 3535 772 3588; x_wconf 88' lang='lat' dir='ltr'>et</span> <span class='ocrx_word' id='word_1_236' title='bbox 793 3525 888 3610; x_wconf 91' lang='lat' dir='ltr'>priori</span> <span class='ocrx_word' id='word_1_237' title='bbox 912 3523 1004 3590; x_wconf 92' lang='lat' dir='ltr'>huius</span> <span class='ocrx_word' id='word_1_238' title='bbox 1025 3549 1128 3590; x_wconf 84' lang='lat' dir='ltr'>versus</span> 
     </span>
     <span class='ocr_line' id='line_1_29' title="bbox 49 3627 1129 3740; baseline 0.004 -42"><span class='ocrx_word' id='word_1_239' title='bbox 49 3636 341 3740; x_wconf 74' lang='lat' dir='ltr'>demumdernum</span> <span class='ocrx_word' id='word_1_240' title='bbox 363 3639 444 3704; x_wconf 91' lang='lat' dir='ltr'>hene</span> <span class='ocrx_word' id='word_1_241' title='bbox 463 3639 627 3724; x_wconf 88' lang='lat' dir='ltr'>respondet</span> <span class='ocrx_word' id='word_1_242' title='bbox 648 3627 796 3724; x_wconf 88' lang='lat' dir='ltr'>posterius</span> <span class='ocrx_word' id='word_1_243' title='bbox 810 3635 874 3727; x_wconf 84' lang='lat'><strong>(2);</strong></span> <span class='ocrx_word' id='word_1_244' title='bbox 898 3631 1012 3704; x_wconf 52' lang='lat' dir='ltr'>et&#39;non</span> <span class='ocrx_word' id='word_1_245' title='bbox 1030 3641 1129 3705; x_wconf 85' lang='lat' dir='ltr'>iuter-</span> 
     </span>
    </p>
   </div>
   <div class='ocr_carea' id='block_1_3' title="bbox 42 3819 1130 4400">
    <p class='ocr_par' dir='ltr' id='par_1_6' title="bbox 45 3819 1127 4024">
     <span class='ocr_line' id='line_1_30' title="bbox 76 3819 1127 3936; baseline 0.008 -28"><span class='ocrx_word' id='word_1_246' title='bbox 76 3859 114 3927; x_wconf 70' lang='lat' dir='ltr'>(t)</span> <span class='ocrx_word' id='word_1_247' title='bbox 129 3863 277 3930; x_wconf 71' lang='lat' dir='ltr'>domuerat,</span> <span class='ocrx_word' id='word_1_248' title='bbox 299 3819 461 3918; x_wconf 71' lang='lat' dir='ltr'>Gn&#39;edhr&#39;ratre</span> <span class='ocrx_word' id='word_1_249' title='bbox 478 3873 584 3920; x_wconf 74' lang='lat' dir='ltr'>(tremor.</span> <span class='ocrx_word' id='word_1_250' title='bbox 604 3869 646 3918; x_wconf 86' lang='lat' dir='ltr'>Ed.</span> <span class='ocrx_word' id='word_1_251' title='bbox 658 3873 682 3918; x_wconf 83' lang='grc'>8.</span> <span class='ocrx_word' id='word_1_252' title='bbox 695 3887 720 3934; x_wconf 85' lang='lat' dir='ltr'>p.</span> <span class='ocrx_word' id='word_1_253' title='bbox 731 3869 792 3936; x_wconf 75' lang='lat'>501,</span> <span class='ocrx_word' id='word_1_254' title='bbox 803 3870 862 3920; x_wconf 70' lang='lat'>502.</span> <span class='ocrx_word' id='word_1_255' title='bbox 879 3871 1019 3920; x_wconf 76' lang='lat' dir='ltr'>tirrrrrrrt.</span> <span class='ocrx_word' id='word_1_256' title='bbox 1033 3869 1127 3934; x_wconf 71' lang='lat' dir='ltr'>petit,</span> 
     </span>
     <span class='ocr_line' id='line_1_31' title="bbox 45 3952 419 4024; baseline 0.021 -24"><span class='ocrx_word' id='word_1_257' title='bbox 45 3952 99 4003; x_wconf 75' lang='lat'>686.</span> <span class='ocrx_word' id='word_1_258' title='bbox 117 3956 218 4006; x_wconf 78' lang='lat' dir='ltr'>Wrrrua.</span> <span class='ocrx_word' id='word_1_259' title='bbox 236 3975 266 4024; x_wconf 89' lang='lat' dir='ltr'>p.</span> <span class='ocrx_word' id='word_1_260' title='bbox 285 3959 346 4008; x_wconf 70' lang='lat'><strong>2³8.</strong></span> <span class='ocrx_word' id='word_1_261' title='bbox 368 3959 419 4010; x_wconf 81' lang='lat' dir='ltr'>elii.</span> 
     </span>
    </p>

    <p class='ocr_par' dir='ltr' id='par_1_7' title="bbox 42 4029 1130 4400">
     <span class='ocr_line' id='line_1_32' title="bbox 76 4029 1130 4122; baseline 0.009 -29"><span class='ocrx_word' id='word_1_262' title='bbox 76 4041 112 4111; x_wconf 62' lang='grc' dir='ltr'>(Β)</span> <span class='ocrx_word' id='word_1_263' title='bbox 129 4048 183 4096; x_wconf 79' lang='lat' dir='ltr'>Huc</span> <span class='ocrx_word' id='word_1_264' title='bbox 200 4029 315 4115; x_wconf 76' lang='lat' dir='ltr'>pertinet</span> <span class='ocrx_word' id='word_1_265' title='bbox 331 4051 402 4100; x_wconf 74' lang='lat' dir='ltr'>etiarn</span> <span class='ocrx_word' id='word_1_266' title='bbox 417 4051 521 4102; x_wconf 84' lang='lat' dir='ltr'>Verbum</span> <span class='ocrx_word' id='word_1_267' title='bbox 540 4048 624 4119; x_wconf 75' lang='grc' dir='ltr'><strong><em>εἶναι,</em></strong></span> <span class='ocrx_word' id='word_1_268' title='bbox 642 4054 706 4122; x_wconf 86' lang='lat' dir='ltr'>quod</span> <span class='ocrx_word' id='word_1_269' title='bbox 717 4057 841 4122; x_wconf 79' lang='lat' dir='ltr'>quominus</span> <span class='ocrx_word' id='word_1_270' title='bbox 852 4071 904 4104; x_wconf 87' lang='lat' dir='ltr'>curn</span> <span class='ocrx_word' id='word_1_271' title='bbox 916 4064 1056 4100; x_wconf 79' lang='lat' dir='ltr'>utcunrrtrto</span> <span class='ocrx_word' id='word_1_272' title='bbox 1066 4051 1130 4102; x_wconf 83' lang='lat' dir='ltr'>eliis·</span> 
     </span>
     <span class='ocr_line' id='line_1_33' title="bbox 44 4139 1130 4214; baseline 0.006 -28"><span class='ocrx_word' id='word_1_273' title='bbox 44 4151 88 4199; x_wconf 87' lang='lat' dir='ltr'>qae</span> <span class='ocrx_word' id='word_1_274' title='bbox 111 4143 224 4205; x_wconf 85' lang='lat' dir='ltr'>spurium</span> <span class='ocrx_word' id='word_1_275' title='bbox 239 4139 358 4205; x_wconf 58' lang='lat' dir='ltr'>habeam</span> <span class='ocrx_word' id='word_1_276' title='bbox 383 4147 508 4194; x_wconf 83' lang='lat' dir='ltr'>auctoritas</span> <span class='ocrx_word' id='word_1_277' title='bbox 523 4147 623 4212; x_wconf 86' lang='lat' dir='ltr'>impedit</span> <span class='ocrx_word' id='word_1_278' title='bbox 638 4145 754 4197; x_wconf 85' lang='lat' dir='ltr'>librorum</span> <span class='ocrx_word' id='word_1_279' title='bbox 771 4145 935 4214; x_wconf 78' lang='lat' dir='ltr'>plerorumque</span> <span class='ocrx_word' id='word_1_280' title='bbox 952 4145 1130 4210; x_wconf 81' lang='lat' dir='ltr'>antiquissimo·</span> 
     </span>
     <span class='ocr_line' id='line_1_34' title="bbox 44 4229 1130 4307; baseline 0.006 -27"><span class='ocrx_word' id='word_1_281' title='bbox 44 4243 100 4281; x_wconf 77' lang='lat' dir='ltr'>utor.</span> <span class='ocrx_word' id='word_1_282' title='bbox 134 4235 213 4284; x_wconf 78' lang='lat' dir='ltr'>Causa</span> <span class='ocrx_word' id='word_1_283' title='bbox 240 4244 337 4298; x_wconf 77' lang='lat' dir='ltr'>auteur,</span> <span class='ocrx_word' id='word_1_284' title='bbox 364 4253 407 4285; x_wconf 87' lang='lat' dir='ltr'>cur</span> <span class='ocrx_word' id='word_1_285' title='bbox 428 4256 443 4286; x_wconf 89' lang='lat' dir='ltr'>e</span> <span class='ocrx_word' id='word_1_286' title='bbox 469 4238 591 4288; x_wconf 85' lang='lat' dir='ltr'>nonnullis</span> <span class='ocrx_word' id='word_1_287' title='bbox 616 4229 789 4307; x_wconf 79' lang='lat' dir='ltr'>omitteretur,¹</span> <span class='ocrx_word' id='word_1_288' title='bbox 807 4239 884 4305; x_wconf 82' lang='lat' dir='ltr'>posita</span> <span class='ocrx_word' id='word_1_289' title='bbox 901 4237 974 4284; x_wconf 80' lang='lat' dir='ltr'>faisse</span> <span class='ocrx_word' id='word_1_290' title='bbox 992 4237 1089 4287; x_wconf 81' lang='lat' dir='ltr'>videtur</span> <span class='ocrx_word' id='word_1_291' title='bbox 1106 4239 1130 4286; x_wconf 89' lang='lat' dir='ltr'>in</span> 
     </span>
     <span class='ocr_line' id='line_1_35' title="bbox 42 4324 732 4400; baseline 0.013 -28"><span class='ocrx_word' id='word_1_292' title='bbox 42 4324 162 4389; x_wconf 81' lang='lat' dir='ltr'>opinione,</span> <span class='ocrx_word' id='word_1_293' title='bbox 178 4326 248 4378; x_wconf 76' lang='lat' dir='ltr'>ittet</span> <span class='ocrx_word' id='word_1_294' title='bbox 269 4331 382 4378; x_wconf 84' lang='lat' dir='ltr'>orationis</span> <span class='ocrx_word' id='word_1_295' title='bbox 400 4346 491 4380; x_wconf 84' lang='lat' dir='ltr'>cursum</span> <span class='ocrx_word' id='word_1_296' title='bbox 509 4333 589 4400; x_wconf 85' lang='lat' dir='ltr'>inepte</span> <span class='ocrx_word' id='word_1_297' title='bbox 607 4330 732 4381; x_wconf 75' lang='lat' dir='ltr'>retardare.</span> 
     </span>
    </p>
   </div>
   <div class='ocr_carea' id='block_1_4' title="bbox 781 4424 1049 4515">
    <p class='ocr_par' dir='ltr' id='par_1_8' title="bbox 781 4424 1049 4515">
     <span class='ocr_line' id='line_1_36' title="bbox 781 4424 1049 4515; baseline -0.007 -29"><span class='ocrx_word' id='word_1_298' title='bbox 781 4424 1049 4515; x_wconf 18' lang='lat' dir='ltr'>Uter,</span> 
     </span>
    </p>
   </div>
   <div class='ocr_carea' id='block_1_5' title="bbox 0 0 1408 5032">
    <p class='ocr_par' dir='ltr' id='par_1_9' title="bbox 0 0 1408 5032">
     <span class='ocr_line' id='line_1_37' title="bbox 0 0 1408 5032; baseline 0 0"><span class='ocrx_word' id='word_1_299' title='bbox 0 0 1408 5032; x_wconf 95' lang='lat' dir='ltr'> </span> 
     </span>
    </p>
   </div>
  </div>
 </body>
</html>
