2856 5028
521 379 698 422 irruemus.
740 347 743 356 ¹
1109 367 1147 444 Π
1253 436 1255 443 Ι

89 545 153 609 iores
174 556 318 630 perpetuo
341 566 519 632 progressus
540 544 669 621 faciant,
693 555 754 611 tam
774 545 806 611 iu
819 547 883 610 veri
896 546 1035 632 rectique
1047 569 1152 627 sensu,

87 681 168 743 quam
197 659 228 722 in
261 659 344 724 omni
373 658 490 751 pietate⁴
509 669 539 720 et
562 659 683 730 virtute.
706 680 746 722 vs.
760 662 866 724 e-tl.
912 660 965 726 llis
988 647 1151 749 proposijjg
1198 710 1201 714 .

88 773 199 838 lectores
221 772 306 858 gravi
330 791 405 858 cura
428 783 461 834 et
481 770 686 838 sollicitudine
710 772 819 857 liberat
836 772 1006 850 narrando,
1020 775 1151 866 eaptivi-

86 896 165 948 tatem
184 885 332 948 suamrei
357 882 542 950 Christianae
561 886 664 950 minus
683 907 796 950 nocere
819 907 913 970 quam
933 887 1095 976 prodesse,
1121 900 1152 955 et

85 1019 255 1082 quamquam
289 997 343 1082 sihi
376 998 488 1062 melius
521 998 558 1062 sit
590 998 680 1086 mori,
700 1019 795 1084 quam
822 999 942 1078 vivere,
964 1001 1023 1067 sibi
1046 1013 1151 1092 tamen

85 1133 246 1194 persuasum
277 1133 340 1176 esse
369 1113 452 1190 lore,
475 1122 510 1174 ut
535 1110 574 1176 ad
599 1134 766 1193 commune
792 1113 911 1181 bonum
934 1115 1152 1204 periculosa.

86 1225 143 1308 pitis
160 1226 304 1312 eripiatur
327 1226 426 1312 iisque
450 1224 604 1304 reddatur.
625 1248 667 1314 vs.
691 1229 805 1292 12-26.
849 1228 929 1300 Huic
950 1239 1053 1316 autem
1076 1251 1155 1320 cuu-

87 1339 210 1406 solationi
240 1339 482 1405 admonitionem
511 1338 634 1420 adiicit,
661 1362 751 1422 suum
774 1339 813 1404 ad
837 1342 1013 1432 exemplum
1035 1343 1155 1432 fortiter

88 1464 111 1514 et
130 1453 333 1538 communiter
357 1464 464 1518 contra
486 1453 672 1518 adversarios
694 1475 821 1518 caasser
843 1454 985 1518 standum
1004 1467 1155 1548 etperse÷

88 1567 242 1650 verendum
265 1589 328 1630 esse
350 1567 384 1631 in
406 1565 467 1630 fide
490 1567 627 1632 moribus
650 1567 815 1644 illustrata,
840 1567 924 1632 unde
946 1569 1010 1652 ipse
1037 1579 1067 1632 et
1085 1567 1157 1636 lte-

88 1701 162 1760 mec,
184 1691 213 1748 et
237 1677 412 1767 Philippis
436 1700 545 1764 capere
569 1680 685 1764 possit,
700 1679 814 1764 dequo
827 1679 968 1766 gaudeat.
981 1703 1022 1746 vs.
1037 1685 1163 1750 27-30,
1194 1725 1196 1728 -

88 1793 141 1856 lem
161 1791 233 1860 hine
259 1793 351 1859 facile
374 1805 578 1880 transgressus
597 1793 636 1858 ad
658 1792 942 1879 reprehendendam
964 1795 1156 1880 superbiam,

89 1907 300 1992 arrogantiam,
324 1883 434 1976 vatiam
457 1907 571 1992 gloriae
590 1906 800 1992 cupiditatem,
824 1906 938 1992 quibus
951 1907 1024 1982 lites
1037 1918 1068 1970 et
1080 1929 1158 1975 ccu-

91 2019 222 2084 tentiones
246 2019 371 2090 excitari
392 2017 569 2096 audivisset,
593 2031 713 2084 mentes
735 2010 874 2087 omnium
897 2019 936 2086 ad
956 2021 1075 2098 illustre
1097 2023 1161 2088 eri-

91 2133 126 2216 git
146 2133 354 2220 spectaculum
378 2131 458 2224 vitae
478 2133 966 2224 ounrsrncuiuscoutemplatio
976 2135 1159 2206 modestiam

90 2246 180 2326 docet,
204 2248 343 2314 caritatis,
362 2241 488 2336 mutuis
507 2250 699 2336 aliammque
711 2249 861 2316 virtutum
871 2261 1020 2335 tauquam
1030 2262 1161 2332 matrem

90 2374 114 2424 et
131 2365 292 2434 nutricem.
306 2383 385 2450 ''pap
407 2361 454 2427 11:
481 2366 574 2445 l-ll,
609 2362 869 2428 Remuneratione
891 2373 995 2429 autem
1018 2385 1161 2446 cunum,
1217 2429 1220 2437 ,

87 2497 156 2558 quae
184 2457 395 2542 obedientium
424 2476 488 2540 eius
512 2485 615 2562 secute
642 2487 705 2552 est,
731 2475 1161 2566 commemorata,inile'p—

86 2613 191 2678 penses
216 2591 406 2658 adhortatur,
422 2589 461 2656 ad
484 2589 564 2656 hauc
582 2610 707 2674 quoque
722 2585 937 2666 obedientiam,
959 2589 1023 2654 siue
1042 2591 1162 2677 impro-

94 2704 198 2770 batione
230 2706 387 2770 iussorum
416 2704 472 2768 Dei
494 2715 548 2768 aut
569 2701 809 2789 disceptatione,
833 2701 974 2790 religiose
1003 2714 1165 2789 praestan*-

92 2817 172 2908 danr,
199 2830 236 2884 ut
270 2818 446 2905 integritate
476 2839 530 2882 sua
551 2839 588 2884 ac
612 2817 806 2904 simplicitate
826 2807 978 2902 tauquam
992 2819 1111 2906 lumina
1131 2819 1164 2886 iu

94 2933 210 3018 tenebris
228 2929 433 3018 splendeant,
454 2931 573 3016 sibique
594 2930 747 3016 gloriandi
767 2911 890 2999 causam
911 2931 1041 3017 afferam
1059 2931 1166 3000 edlu-

94 3043 154 3111 dioii
174 3045 313 3132 supremi
335 3043 427 3108 diem.
449 3067 490 3130 vs.
503 3047 629 3151 22—16.
676 3045 756 3114 Tum
783 3066 836 3110 ,eos
853 3042 990 3130 gaudere
1013 3045 1118 3122 iubet,
1143 3047 1167 3108 si

94 3159 259 3224 antediem
281 3159 392 3234 illum,
416 3169 446 3222 et
467 3156 513 3222 his
530 3155 659 3242 quidem
688 3179 723 3220 ex
747 3157 896 3231 vinculis,
917 3157 956 3222 ad
980 3159 1167 3249 supplicium
1217 3176 1229 3181 ’

84 3269 222 3340 ‚tuane
245 3297 289 3338 vs.
313 3276 364 3348 17,
392 3276 442 3338 18.
468 3270 529 3338 Sed
550 3267 637 3356 spem
660 3283 763 3337 temen
783 3271 915 3340 ostendit
935 3273 1020 3354 sore,
1039 3285 1075 3337 ut
1094 3275 1170 3338 bre-

97 3387 119 3446 vi
144 3409 352 3464 rmorunuu,
372 3387 442 3458 ¹sibi
470 3383 573 3450 adhuc
594 3385 816 3460 necessarium,
839 3375 1019 3474 Philippos
1047 3386 1174 3452 mittere

97 3503 203 3590 etipse
224 3500 319 3590 paulo
343 3511 427 3592 post,
453 3521 491 3562 ex
515 3497 688 3584 captivitate
710 3497 872 3586 liberatus,
886 3486 1172 3592 illu'c‘veuirepcs—

97 3614 138 3678 sit.
160 3639 200 3682 vs,
229 3615 347 3682 19-24.
392 3614 513 3698 Interea
534 3634 566 3674 se
587 3633 839 3676 esseuaoutuuu
852 3612 967 3678 misisse
991 3613 1051 3699 ait,
1076 3614 1171 3680 ,valde

96 3748 161 3794 eum
185 3727 443 3808 commendans,¹
459 3735 575 3816 utpote
587 3724 707 3800 virum,
731 3724 769 3788 de
791 3747 882 3790 cause
906 3747 1032 3812 censer}
1056 3727 1171 3811 optimc

98 3842 235 3908 meritum
260 3842 359 3928 iisque
383 3814 511 3906 dmm'no
534 3837 672 3926 deditum
695 3847 794 3926 atque.
811 3837 966 3932 devotum,
988 3861 1033 3905 vs,
1054 3843 1171 3906 25-30.

96 3952 155 4016 lam
183 3956 217 4020 in
251 3955 432 4032 memoriam
464 3953 543 4018 redit
575 3950 950 4036 hominumludaismum
966 3937 1172 4019 iactantiam:

97 4086 186 4151 quare
211 4047 452 4160 Philippense-s
474 4067 602 4144 excitat,
624 4077 678 4142 ut,
707 4065 745 4130 de
767 4066 859 4130 unius
881 4087 1008 4146 cnnrsrr
1024 4085 1201 4146 ‚commu--

96 4180 183 4244 aione
219 4183 331 4268 gavisi,
360 4181 414 4246 hos
447 4191 640 4265 corruptores
668 4179 845 4256 observent,
881 4201 920 4241 ne
955 4200 973 4240 a
1006 4177 1054 4240 via
1087 4199 1176 4244 aver-

101 4300 208 4360 tantur.
238 4317 304 4380 cap.
335 4295 396 4376 lll:
430 4300 456 4370 1,
482 4299 511 4359 2.
559 4291 675 4387 Deinde
702 4293 737 4354 iis
756 4292 926 4389 honorum,
955 4311 1093 4374 quorum
1113 4293 1207 4356 veri,
1251 4333 1254 4343 ·

781 4417 783 4422 .
944 4417 947 4423 ,
994 4406 1012 4468 2
1091 4431 1093 4438 Α
