2818 5032
334 421 336 431 ²
428 423 496 466 car.
520 401 574 467 IV.
599 387 686 466 unns.
710 405 741 464 3.
1000 467 1003 476 ,
1056 403 1120 465 275

98 589 157 653 lam
185 609 220 652 eo
248 587 391 671 perveni,
420 598 456 650 ut
479 587 545 650 sine
566 587 657 672 culpa
677 587 805 650 ulterius
830 584 976 674 progredi
994 585 1134 672 possim*

55 701 186 784 Lectores
207 698 320 786 igitur,
348 698 461 786 quihus
489 699 644 787 disputata
675 699 715 765 de
736 699 874 764 rensibus
895 702 917 764 2
937 709 968 762 et
988 703 1010 764 3
1034 697 1123 763 satis-

56 813 176 890 faciunt,
200 793 484 897 interpretationem
506 809 641 885 habeant
665 811 838 877 absolutam
860 821 905 888 et,
926 833 985 896 per
1009 832 1061 874 me
1082 809 1125 882 li-

56 937 113 1007 eet,
136 924 275 1008 omittant
302 947 383 1012 quae
415 947 501 992 nunc
523 944 620 1012 porro·
639 935 823 1012 sequuntur.
869 923 931 989 Sed
952 929 1044 990 'erunt
1063 925 1126 988 for-

55 1050 121 1103 tasse
138 1037 229 1104 haud·
245 1041 353 1126 pauci,
376 1039 645 1126 quibusmultum
665 1039 809 1105 desiderii
833 1030 978 1106 relictum
1001 1039 1049 1102 sit.
1088 1040 1126 1103 Et

54 1175 104 1239 ego
130 1153 258 1240 quddam
289 1135 450 1239 scrupulos
474 1154 552 1220 mihi
581 1156 667 1226 ,inter
690 1152 1037 1237 scribendumpnieotos
1062 1175 1127 1217 esse

52 1268 150 1346 fateor,
174 1267 291 1355 quibus
311 1269 425 1334 frustra
445 1245 643 1357 quaererem,
668 1267 823 1355 quomodo
844 1289 896 1332 me
915 1267 1127 1354 Interpretum

52 1365 257 1446 commentarii
289 1380 465 1446 liberarent.
512 1383 616 1471 Unum
648 1381 844 1467 alterumque
877 1381 939 1446 iam
973 1381 1127 1447 indicari:

52 1514 128 1572 nunc
159 1494 267 1580 plures
298 1516 471 1580 proponere
505 1495 603 1584 lubet.
628 1493 803 1562 rVidelicet
820 1494 917 1572 illud,
943 1494 1027 1582 quod
1048 1495 1128 1561 duae

52 1605 186 1672 mulieres
205 1629 325 1694 eaeque
347 1609 428 1673 bene
445 1607 574 1673 'meritae
593 1609 625 1674 in
648 1607 781 1705 Epistola
799 1607 927 1694 publice
945 1607 1080 1696 legenda
1089 1607 1130 1674 ad

51 1721 239 1786 concordiam
271 1733 436 1799 vocantur,
471 1717 555 1788 haud
578 1721 641 1786 scio
660 1744 748 1800 sane,
771 1745 811 1787 an
832 1722 1004 1808 importuni
1028 1711 1137 1809 potius

52 1833 217 1913 monitoris,
251 1855 347 1922 quam
370 1833 531 1920 prudentis
553 1834 811 1905 dixerim-mitur.
855 1831 921 1903 Nec
938 1848 1023 1903 tanta
1046 1859 1129 1902 eon·
1185 1859 1188 1862 ·

53 1947 185 2013 tentionis
204 1947 370 2034 aegreritas,
387 1933 430 2026 xnt
451 1950 553 2036 palam
576 1961 606 2014 et
626 1961 731 2035 aperte
749 1948 1001 2035 reprehendenda
1022 1949 1077 2029 sit,
1097 1951 1131 2014 in
1153 2013 1171 2036 .=

52 2079 95 2123 eas
111 2060 223 2127 cadere
240 2060 374 2140 videtur,
393 2084 476 2150 quae
493 2085 526 2128 se
535 2085 665 2129 cnnrsrr
675 2086 768 2129 causa
778 2064 926 2156 periculis
938 2064 1130 2152 obiecerunt.

52 2172 154 2239 ldirnm
172 2197 270 2261 porro
290 2175 418 2254 accidit,
442 2188 565 2262 praeter
584 2199 775 2243 onnuuurnu
790 2177 916 2244 Romae
931 2179 1132 2266 Episcopum,

53 2287 139 2351 aium
159 2290 261 2354 luisse
272 2311 475 2368 annnorum,
488 2286 742 2378 Philippensem
763 2288 813 2356 rel
832 2271 1010 2382 Philippis
1024 2293 1133 2358 saltem

52 2413 308 2478 commorantem,
332 2399 504 2489 itidemque
526 2403 675 2467 eximium
699 2403 745 2468 rei
766 2391 1132 2482 OErristlanaeiindioem
1234 2478 1235 2482 ,

53 2511 170 2602 dequo
195 2528 303 2589 nmen
325 2515 403 2582 nihil
426 2511 520 2602 plane
538 2515 915 2603 memoriae'prodiderint
926 2517 1063 2586 Veteres.
1094 2511 1137 2582 m'

51 2629 145 2694 celare
169 2631 266 2708 nolo,
287 2631 442 2718 nonsatis
463 2653 587 2717 gravem
608 2629 772 2718 cogitando
793 2630 871 2719 fingi
890 2653 979 2718 posse
999 2653 1133 2710 causam,
1197 2719 1198 2724 ἵ

53 2761 105 2806 our
132 2755 245 2810 auctor
277 2736 468 2810 adiutoribus
497 2743 559 2826 suis
589 2743 767 2810 beatitatem
793 2743 959 2810 coelestem
983 2743 1135 2810 Divinitas

53 2867 184 2935 paratam
207 2879 276 2922 esse
297 2858 462 2944 scripserit.
507 2857 592 2923 Haeo
614 2869 724 2936 autem·
741 2869 771 2922 et
792 2868 896 2925 cetera
913 2859 976 2925 iarn
1001 2858 1136 2925 indicata

51 2988 119 3032 eum
142 2992 195 3036 me
217 2970 391 3038 identidem
412 2972 595 3058 fatigarent,
621 2994 657 3036 er
678 2971 844 3058 improviso
863 2973 904 3038 in
924 2972 1136 3038 coniecturam

51 3079 165 3148 delatus
180 3067 288 3163 sum,
318 3107 399 3171 quae
424 3086 447 3150 si
468 3086 628 3171 probanda
650 3086 842 3164 censebitur,
868 3085 1024 3152 nonnulla·
1044 3085 1137 3152 etiam

52 3215 154 3264 eorum
180 3199 380 3264 retractanda
401 3210 510 3276 erunt,
535 3220 615 3286 quae
633 3199 698 3286 ipse
720 3200 928 3287 supraposui.
952 3199 1138 3266 Coniectura

52 3307 197 3376 rrirnimm
231 3311 310 3377 haee
339 3323 399 3377 est:
431 3311 583 3419 ndomita&
605 3323 635 3374 et
662 3335 853 3404 saturanum
873 3307 1020 3378 mulieres
1044 3304 1138 3378 luisse

51 3422 174 3509 originis
194 3426 354 3506 Graecae,
376 3445 457 3510 quae
477 3425 602 3492 Romae
624 3432 782 3490 unacum
805 3425 907 3490 cauno
927 3425 971 3490 rei
989 3424 1138 3492 Christia-

49 3556 103 3601 nae
122 3561 257 3624 operam
277 3537 447 3616 dedissent,
469 3537 502 3604 id
520 3539 653 3604 maxime
671 3533 814 3626 agentes,
842 3549 878 3602 ut
897 3561 964 3604 eam
987 3537 1027 3605 ad
1039 3521 1139 3606 ‘suum

48 3669 152 3715 sexum
175 3663 390 3740 propagarent
413 3649 478 3741 (1);
503 3675 590 3718 nunc
608 3672 681 3716 roro
700 3649 838 3716 eiusdem
859 3653 905 3717 rei
921 3654 1139 3742 propagandae
1252 3649 1253 3654 ’

46 3783 134 3830 eausa
158 3787 239 3831 cum
255 3771 487 3830 turronaon‘rro
511 3765 691 3856 Philippos
709 3765 903 3850 proiecturae
927 3779 1039 3833 essent:
1061 3769 1138 3832 rao·

46 3897 107 3942 oon
140 3881 333 3966 utramque,
362 3875 542 3944 nominihus
560 3880 722 3966 expressis,
746 3881 783 3945 ad
805 3881 1003 3947 concordiam
1022 3865 1138 3946 adhorss
1216 3960 1218 3964 y

44 4000 142 4057 tatum
179 4017 266 4072 csse,
285 4006 337 4073 ut,
362 4017 436 4060 cum
459 3994 595 4080 Epistola
613 3993 788 4084 Pdc'lo'ppis
809 3997 981 4084 legeretur,
1005 4006 1036 4061 et
1059 3995 1139 4083 ipsas

47 4107 194 4174 excitaret
232 4107 274 4172 ad
307 4109 483 4174 cautionem
513 4107 704 4186 hahendam,
740 4131 780 4173 ne
816 4131 911 4194 pravo
941 4109 1074 4173 aliorum
1109 4122 1140 4174 et

76 4345 115 4415 (1)
130 4349 176 4409 ct.
194 4351 311 4412 nfirma,
330 4349 381 4396 Dio
400 4346 515 4397 Caristia
535 4350 570 4396 an
585 4348 757 4398 Hoidiiootros
776 4349 873 4398 Haase:
890 4362 916 4412 p.
932 4347 1035 4414 llsqq„
1082 4351 1092 4386 '-
1183 4376 1185 4382 ·

877 4437 881 4447 '
911 4440 984 4505 18*
