2812 5032
389 417 456 462 cnr.
479 379 520 461 ll.
543 413 629 462 runs.
646 397 685 472 ,3,
711 399 740 459 4.
1048 395 1109 458 133

63 555 132 618 codis
149 556 238 630 insit,
255 553 433 635 modestae,
447 558 582 643 quisque
603 555 744 620 alterum
768 576 802 617 se
822 541 1025 642 superiorem
1047 553 1110 625 dn-
1154 601 1155 604 ,

62 675 155 732 centes.
198 665 363 748 Quaeritur
388 679 531 746 tentum,
556 668 611 754 qul
635 667 702 734 fieri
727 667 836 752 possit,
856 678 891 730 ut
916 667 970 752 qui
991 667 1109 751 reipsa

27 815 32 826 ·
62 779 160 844 excellit
177 801 249 865 prae
265 779 342 858 aliis,
370 781 519 846 existimet
534 775 584 846 eos
601 781 851 866 praestantiores,
872 801 948 865 quos
969 779 1110 864 procule

60 915 83 955 se
107 892 207 957 distnre
238 893 330 958 nori-t.
377 888 841 972 Verhesuutecuu1n1,cuius
866 891 985 970 temen,
1010 893 1056 958 uti
1080 901 1110 955 et

52 1005 165 1070 'alormn
194 1007 390 1090 responsione
412 1007 574 1073 difficultas
595 1009 693 1095 magis
714 1007 884 1094 obtegitur,
909 1027 1003 1092 quam
1024 1006 1110 1070 tolli-

60 1128 105 1184 tur.
143 1119 269 1216 'Iollitur
291 1106 369 1186 nerii
378 1131 678 1208 magnemlpurtem
702 1121 727 1184 si
750 1142 871 1184 sumere
896 1119 984 1195 licet,
1010 1115 1109 1204 preess

59 1232 188 1310 sennem,
213 1254 309 1318 quem
333 1257 446 1300 riscus
465 1245 630 1312 memorat,
642 1237 807 1324 ,pe'etatem
824 1241 856 1296 et
870 1236 1023 1296 virtutem
1042 1254 1110 1316 spe·
1166 1302 1169 1308 ,
1221 1264 1224 1270 “

61 1353 131 1410 ctare.
172 1345 265 1428 Quod
294 1358 413 1423 tomen,
438 1359 473 1411 ut
493 1359 615 1410 strenue
641 1369 694 1410 suu
716 1346 919 1428 disputatione
937 1345 1111 1429 probaverit
1189 1380 1195 1386 -

59 1477 208 1536 scurnuus,
237 1481 273 1522 eo
287 1459 384 1550 magis
400 1477 522 1533 vereor,
543 1481 605 1544 quo
626 1457 769 1523 attentius
792 1451 969 1532 considero,
990 1468 1020 1520 et
1028 1457 1111 1542 Apo·

61 1569 151 1635 stolum
168 1569 294 1636 dicendi
314 1570 406 1638 modo
427 1571 473 1634 uti
494 1571 587 1636 nullis
605 1569 717 1634 finibus
736 1569 984 1653 circumscripto,
1009 1580 1038 1632 et
1060 1592 1112 1656 ge-

59 1683 163 1746 neratim
184 1704 312 1770 quoque
333 1683 549 1768 accipiendum
579 1704 643 1748 esse
672 1683 755 1770 quod
778 1677 838 1746 loci
861 1681 976 1747 hebent
1000 1683 1113 1770 similes

59 1790 131 1860 tom.
151 1797 196 1862 X:
225 1801 288 1874 10,
312 1801 362 1864 16.
384 1797 475 1884 Epi.
496 1797 540 1866 V:
562 1799 614 1860 21.
640 1801 655 1860 1
687 1794 758 1860 Pet.
778 1797 821 1863 V:
848 1803 877 1862 5.
924 1795 984 1860 Sed
1005 1782 1114 1893 lp‘e‘ipsi

58 1906 104 1970 loci
119 1909 200 1976 uobis
217 1911 302 1976 viem
323 1920 494 2003 monstrent
512 1921 542 1975 et
560 1911 711 1975 rationem
729 1907 819 1986 nodi,
835 1931 897 1996 quo
918 1905 1113 1986 offendimur,

58 2015 231 2103 expediendi:
258 2022 297 2087 ab
315 2023 461 2107 Apostolo
481 2045 594 2109 nempe
617 2047 680 2088 non
700 2023 887 2097 indicandi,
916 2022 968 2087 scd
990 2023 1116 2111 agendi

59 2135 198 2212 praescribi
218 2115 364 2202 normam
387 2147 417 2200 et
436 2138 592 2224 regulam:
616 2137 675 2202 hac
695 2135 734 2201 de
751 2158 844 2206 ,eausa
866 2132 1016 2222 ἀλλήλους
1036 2134 1124 2229 dici,

58 2266 104 2310 non
128 2243 239 2328 ἅλλοὺς
266 2249 315 2314 vel
336 2246 465 2327 πάνταςε
494 2273 553 2319 nec
575 2251 775 2336 Participium
792 2249 968 2337 ἡγούμενοι,
989 2251 1113 2314 decen-

57 2363 106 2435 tet,
126 2361 210 2437 aliter
232 2350 455 2448 explicmdtrn
476 2384 539 2428 esse
558 2387 652 2450 quam
671 2363 890 2440 ostendentes,
911 2385 966 2426 cos
985 2363 1115 2440 docere,

57 2475 299 2553 quemadmodum
317 2453 457 2544 Verbum
491 2477 634 2562 ἡγεῖσθαι
667 2481 681 2539 1
716 2475 829 2542 Thess.
860 2477 905 2544 V:
929 2479 968 2540 13
993 2487 1023 2540 et
1043 2476 1118 2539 olibi

56 2587 221 2668 populariter
252 2589 438 2657 sumendum
459 2589 510 2654 sit:
534 2589 639 2675 itaque
660 2611 785 2654 nnuuuu
814 2589 897 2652 idern
920 2587 999 2682 illud
1023 2611 1118 2674 prec-

59 2696 140 2780 cipere
160 2701 456 2790 Philippensibus,
480 2703 566 2789 quod
587 2714 618 2766 et
643 2702 802 2769 Romanis
824 2704 1016 2790 praeceperit
1038 2703 1117 2768 scri-

58 2806 153 2877 bendo:
181 2824 225 2908 τῇ
249 2796 330 2908 iente}
356 2815 505 2905 ἀλλήλους
525 2815 757 2905 προηγούμεώοι,
786 2819 900 2904 etipse
922 2841 1020 2898 msus,
1044 2807 1115 2884 cum

59 2941 127 3004 voce,
150 2939 215 2994 tum
236 2929 396 3016 exemplo,
420 2927 544 2996 Mettis.
563 2933 635 2995 XX:
660 2937 714 3000 26.
734 2931 851 2998 Ioann.
871 2933 946 2996 XIII
958 2953 1117 2997 commcn-

58 3032 151 3102 daverit
171 3041 351 3128 discipulis,
368 3052 405 3110 nt
425 3045 492 3108 sibi
507 3053 617 3110 mntno
630 3054 850 3134 praestarent
861 3047 983 3134 officie,
1002 3047 1117 3134 qualia

58 3156 273 3236 Superioribus·
293 3157 472 3244 inferiores
497 3167 675 3246 praestare
694 3153 856 3234 solerent,
889 3181 943 3222 sen
966 3160 1031 3222 sibi
1051 3181 1118 3222 rnn-
1210 3171 1211 3179 ’

58 3267 99 3325 lno
125 3271 369 3332 ministrarent.
422 3271 504 3334 llaec
530 3282 633 3335 autem
664 3241 890 3353 interpretatio,
923 3283 958 3332 ut
978 3282 1119 3335 suctores
1211 3243 1214 3252 Ι

55 3372 103 3438 iun
127 3377 220 3444 hebet
233 3385 489 3458 susurremus,
514 3404 686 3460 csuunrun,
707 3381 938 3460 emesenorum,
961 3382 1052 3460 elios,
1076 3373 1119 3449 sic

56 3494 271 3558 conconvenit
293 3494 422 3558 orationi
444 3497 599 3581 sequenti,
617 3496 672 3560 ubi
691 3517 839 3560 cunrsrus
858 3518 891 3558 se
911 3518 973 3560 non
994 3497 1120 3562 inferio-
1233 3489 1240 3514 l

55 3619 107 3662 rem
134 3605 275 3684 duxisse,
308 3607 360 3672 sed
390 3606 541 3674 inferioris
572 3608 666 3674 instar
696 3609 793 3695 egisse
819 3609 941 3674 dicitur.
980 3609 1024 3675 Cf.
1047 3607 1118 3674 Sir.

53 3708 103 3775 lll:
129 3721 176 3784 18.
211 3783 214 3788 ,
698 3735 703 3742 ’

512 3909 596 3950 vens.
623 3891 651 3950 4.

86 4055 179 4122 Alteri
201 4060 293 4137 vido,
320 4084 383 4147 quo
400 4062 439 4126 ub
463 4063 563 4128 officio
594 4064 633 4128 ad
657 4087 755 4129 unum
779 4065 925 4150 idemque
947 4059 1119 4146 adspirendi

50 4164 230 4252 deflectitur,
255 4173 372 4240 Auctor
393 4176 435 4242 sic
456 4179 606 4242 occurrit:
638 4179 699 4266 Mi)
718 4177 758 4246 cd
775 4179 894 4265 ἑαυτῶν
914 4176 1032 4242 ἕκαστοι
1051 4197 1122 4241 σκο-

49 4286 176 4367 ποῦντες,
197 4286 283 4356 dne
302 4291 352 4356 not
371 4288 411 4356 cn*
430 4288 538 4378 ἑτέρων
559 4275 693 4361 innasci
728 4290 883 4357 Assentior
910 4289 993 4353 onim
1021 4309 1123 4352 uncus
