2818 5032
253 359 319 422 294
635 373 704 420 cnr.
727 349 782 423 lVr
807 375 892 420 vana.
916 359 949 421 9.

252 540 295 608 do
312 539 345 607 in
365 535 436 605 loco
453 540 589 626 positum
607 550 663 622 eet,
679 557 753 610 cum
772 559 810 604 eo
830 536 1048 624 explicandum
1061 560 1126 606 non
1137 550 1231 625 putor
1243 562 1318 628 quoe

252 655 340 719 notu
352 653 484 742 agendo
497 653 641 734 tradidi,
661 652 730 718 sed:
745 675 829 742 quoe
846 675 904 717 uos
916 674 999 718 ome
1017 655 1206 743 acceptetis,
1221 663 1319 740 utpost

250 785 414 832 coccnrnrs
438 766 575 854 aliosque
594 767 712 852 placuit
731 787 870 832 oronnro
890 775 1077 844 etruscae,
1100 787 1205 854 neque
1228 767 1318 836 omui·

250 901 292 944 no
310 879 473 964 displicere
493 877 615 944 videtur
634 901 841 945 nrrnmro.
877 879 1018 948 Verbum
1033 878 1131 968 igitur
1152 881 1317 968 παρελάβετε

249 991 380 1058 eandem
400 993 463 1058 rim
482 990 576 1056 babet
597 1002 691 1078 atque
708 991 873 1073 ἐδέξασθε,
894 1012 1031 1079 quocum
1055 996 1070 1056 1
1099 991 1214 1058 Theos.
1226 995 1266 1060 ll:
1279 999 1315 1060 13

246 1117 442 1192 permutatur
469 1105 671 1192 Participium
690 1101 931 1194 παραλαρόπεςε
960 1103 1223 1192 quemadmodum
1249 1105 1318 1174 Gal.

246 1220 279 1284 1:
306 1222 347 1286 12
375 1241 393 1284 a
418 1241 450 1298 se
477 1219 610 1284 invicem
637 1219 878 1308 dootinguuntur
897 1218 1069 1308 παρέλαβον
1096 1229 1127 1284 et
1146 1219 1319 1308 ἐδιδάχθην.

244 1332 395 1398 Similiter
429 1331 570 1400 Verbum
602 1331 681 1397 illud
727 1331 766 1397 de
801 1331 956 1398 doctm'na
992 1340 1129 1422 accepto
1164 1343 1321 1417 usurpatur

246 1451 261 1510 1
295 1445 373 1532 Gor.
394 1445 470 1514 XV:
495 1450 526 1510 1.
563 1443 639 1512 Gal.
659 1447 691 1510 l:
716 1447 747 1512 9.
781 1443 851 1516 001.
869 1445 917 1510 11:
942 1450 962 1512 6
983 1447 1157 1532 ceterisque
1177 1445 1210 1510 in
1233 1446 1318 1524 locis,

243 1560 299 1648 qui
326 1559 551 1625 institutionem
571 1568 722 1645 spectent.
767 1559 990 1624 Posterioribus
1008 1555 1156 1646 ἠκούσατε
1185 1567 1215 1624 et
1233 1541 1319 1628 sitos

241 1671 374 1759 proponi
401 1693 453 1752 ea,
487 1693 572 1762 quae
592 1672 830 1762 Philippenses
850 1673 893 1738 de
914 1675 985 1738 otta
1008 1695 1101 1737 raunr
1123 1669 1319 1736 auds'oa'eoent

239 1795 275 1850 et
295 1786 474 1865 redicrent,
496 1787 588 1852 facile
610 1785 796 1874 intelligitur
820 1807 857 1849 er
881 1784 1111 1871 comparatione
1134 1807 1201 1870 cap.
1218 1786 1248 1850 1:
1263 1789 1319 1863 30,

239 1913 431 1986 quamquam
463 1899 516 1966 hic
544 1921 607 1966 non
636 1899 671 1963 in
694 1898 849 1964 Praesenti
871 1899 1022 1984 scriptum
1045 1909 1089 1964 cat
1111 1889 1250 1977 exciere,
1269 1898 1319 1962 md

238 2012 273 2076 in
294 2005 415 2076 rior-isto
440 2006 604 2097 ἠκούσατε,
624 2012 773 2099 quoniam
794 2011 908 2076 Aeristi
930 2011 1124 2078 circumiecti
1145 2022 1227 2078 eunt
1255 2012 1317 2078 lom

237 2124 373 2189 formula
403 2145 536 2212 setpuens
567 2126 602 2192 ἐν
620 2125 694 2208 lpol
718 2145 792 2191 cum
813 2125 954 2211 proximo
983 2124 1074 2199 εἴδετε
1102 2135 1225 2194 uotum
1244 2115 1318 2192 ccu-

238 2238 338 2326 gruit,
362 2259 426 2304 non
450 2259 523 2304 cum
543 2237 760 2304 remotioribus
778 2237 928 2321 ἐμάθετε,
946 2235 1137 2326 παρελάβετε,
1156 2235 1316 2326 ἠκούσατε

237 2361 269 2416 at
300 2351 453 2440 significat
481 2364 586 2418 tamen
608 2353 652 2419 sic
680 2375 717 2418 ea
738 2351 889 2418 sumenda
916 2373 996 2429 esse,
1025 2373 1063 2416 ac
1093 2353 1119 2416 si
1146 2353 1315 2434 Pronomae

235 2484 310 2529 cum
332 2466 560 2551 Praepositione
582 2477 651 2553 post
673 2464 868 2531 rehabeant.
913 2463 1107 2550 Principium
1126 2476 1232 2530 autem
1250 2485 1315 2530 sen·

188 2611 192 2620 ·
233 2577 349 2643 tentiae
377 2577 399 2645 il
428 2581 481 2646 καί
506 2578 591 2645 haud
622 2575 719 2645 dubie
748 2577 875 2644 inservit
904 2578 944 2664 ed
974 2599 1043 2643 eam
1073 2577 1314 2645 connectendam

199 2689 203 2697 ’
234 2711 309 2755 oum
330 2693 601 2776 praecedentibus,
625 2713 690 2757 non
707 2713 780 2758 cum
798 2693 1015 2780 sequentibus,
1037 2690 1121 2778 quod
1137 2711 1313 2758 nuncnune

233 2804 426 2870 contendisse
448 2806 537 2871 valde
558 2807 665 2870 miror.
711 2804 790 2869 Cum
816 2805 900 2870 eninr
918 2806 1058 2875 Versuss
1082 2803 1152 2870 sotis
1171 2805 1263 2889 plena
1284 2813 1313 2866 et

158 2959 159 2966 κ
197 2987 200 2993 ,
234 2919 370 3004 perlecta
398 2919 550 2982 virtutum
571 2917 705 2982 bominis
727 2916 890 2982 Christiani
914 2916 1035 3004 legatur
1061 2919 1219 2995 recensio,
1242 2913 1313 3003 quid

235 3041 299 3109 est,
332 3051 463 3117 quaeso,
497 3030 581 3116 quod
607 3029 664 3098 Vir
693 3029 807 3093 Doctus
835 3029 911 3107 aiat,
943 3050 961 3096 a
987 3031 1205 3119 generalibus
1232 3049 1313 3094 nunc

234 3144 447 3211 transitionem
467 3119 535 3208 fieri
555 3143 595 3208 ar
620 3139 792 3209 cautas?
837 3141 899 3208 sed
916 3163 979 3230 quo
995 3143 1314 3232 mersasrssoppm-

235 3262 321 3322 oe'um
352 3259 386 3326 in
414 3254 520 3324 oeulos
552 3256 766 3335 incurrerent,
791 3276 873 3344 quae
893 3255 929 3322 iis
955 3256 1174 3324 emulemur
1199 3264 1315 3329 esseot.

237 3371 359 3456 scripsit
387 3383 512 3437 auctor:
542 3372 655 3437 cariem
677 3373 749 3436 celo
770 3371 850 3449 illo,
868 3393 958 3460 ¹qune
974 3393 1037 3460 ego
1059 3393 1117 3436 vos
1141 3369 1317 3458 Philippis

236 3485 352 3550 edocui
372 3495 432 3550 cet
477 3483 623 3551 Subiecta
641 3505 714 3550 vero
740 3489 838 3552 ταῦτα
857 3480 1003 3573 πράσσετε
1023 3495 1108 3550 recte
1127 3482 1317 3570 intelligunt,

235 3597 386 3686 quicum
408 3617 486 3674 enta
506 3597 766 3685 interpretantur:
790 3597 903 3676 Haeo,
926 3602 1080 3688 inquom,
1092 3599 1214 3688 facite.
1247 3597 1319 3662 Par·

235 3719 300 3780 tem
322 3711 450 3800 quidem
470 3711 523 3777 illa
542 3713 636 3778 rerba
655 3713 816 3778 continent
835 3734 960 3791 eorum,
985 3733 1067 3798 quae
1082 3711 1146 3778 boo
1175 3711 1209 3776 io
1226 3728 1317 3781 tortu

234 3825 282 3894 adr
309 3825 527 3914 explicandum
557 3827 748 3918 superiorem
774 3826 866 3891 allata
887 3836 976 3906 sunt3
992 3825 1054 3917 ‘sed
1075 3825 1125 3892 rel
1147 3825 1193 3893 sic
1212 3835 1319 3892 tanen

231 3940 343 4007 referri
364 3951 486 4006 tanum
505 3937 620 4004 dehent
641 3938 681 4004 ad
702 3937 841 4024 proxima
862 3935 885 4005 ri
903 3941 954 4006 sol
974 3935 1107 4023 ἓμόθπι
1124 3949 1186 4006 cot.
1206 3935 1248 4005 ad
1267 3955 1319 3998 rc·

235 4045 451 4120 metinates
471 4054 554 4120 ἐστὶν
573 4050 683 4138 ἀληθῆ
707 4064 767 4118 oet.
790 4075 855 4128 non
878 4051 964 4120 item.
984 4087 987 4094 v
1007 4055 1220 4124 Noo'lortasse
1239 4069 1321 4119 rsu-

234 4188 290 4233 nus
320 4187 355 4232 ea
384 4165 594 4255 adscripturus
625 4165 746 4244 brisset,
771 4167 830 4232 nisi
852 4188 961 4234 cerere
981 4165 1321 4254 rellet‚nel'hilt'12-

174 4307 176 4310 ·
227 4299 350 4368 penses
371 4281 589 4372 opinarentur„
613 4303 648 4346 se
668 4281 839 4363 recurrisse,
864 4287 945 4368 quae
965 4281 1322 4353 tanumomdem
