2808 5032
272 359 334 420 174
652 379 720 424 eur.
744 357 783 424 11,
813 379 899 426 ruas.
927 362 977 426 13.

267 542 418 628 superiori
436 538 655 634 κατεργάζεσθε
676 545 873 632 respondere.
907 549 1008 612 Immo
1024 557 1194 634 utrumque
1214 546 1338 610 consulto

131 735 135 740 ¹
267 655 406 724 distinxit
428 670 552 740 auctor,
577 657 638 726 hoe
653 661 781 747 quidem
800 663 970 728 enuncians
989 661 1074 750 quod
1096 659 1338 737 homiuum-esse,

266 769 339 850 illo,
363 772 448 858 quod
466 773 522 838 Dei
546 795 611 840 esse
633 773 799 840 iudicabat.
845 775 955 862 Itaque
973 774 1211 864 Philippenses
1224 772 1262 838 ad
1278 774 1340 838 bea·

268 883 496 954 tiutem‘suam
517 889 740 976 perficiendam
763 887 1026 984 hoouargumento
1047 888 1243 966 adhortatur,
1267 887 1339 973 quod

267 997 361 1066 huius
391 1001 484 1068 officii
512 1002 682 1092 peragendi
708 1001 846 1070 studium
876 1014 907 1068 et
935 1003 998 1070 vim
1018 1002 1171 1068 Divinitus
1191 1003 1223 1066 in
1245 1001 1342 1066 animis
1397 1081 1398 1092 ἵ

269 1113 331 1212 stris
350 1116 519 1202 accipiunt.
968 1169 974 1180 .

270 1299 273 1308 ,
316 1229 410 1311 Quod
430 1251 612 1316 supremum
635 1228 753 1296 addidit
776 1251 907 1296 rannus:
930 1229 1007 1322 ὐπὲρ
1026 1233 1082 1316 τῆς
1099 1227 1252 1308 εὐδοκίας,
1268 1228 1345 1292 mul-

271 1353 340 1408 tum
360 1343 483 1430 peperit
504 1343 745 1422 controversiae,
769 1356 829 1410 nec
853 1355 957 1410 tamen
973 1331 1143 1409 ¹intellectu
1164 1341 1287 1408 difficile
1304 1340 1345 1404 ri-

271 1455 373 1524 detur.
419 1457 576 1524 Orationis
593 1467 755 1524 contextae
775 1458 868 1543 plane
890 1459 1087 1522 immemores
1110 1468 1199 1534 sunt,
1223 1454 1279 1542 qui
1300 1476 1345 1518 re

275 1591 345 1636 cem
363 1569 501 1638 εὐδοκίαν
521 1571 561 1638 ad
582 1571 729 1636 hortinas
751 1571 907 1650 referunt,
930 1582 966 1635 ut
987 1591 1240 1648 uenostasm,
1264 1589 1346 1632 rnna-
1398 1609 1399 1666 3

273 1711 346 1754 erus
360 1701 401 1754 et
420 1692 484 1756 iam
504 1686 614 1777 Sym
635 1691 755 1756 Graeca
773 1690 979 1775 interpretans
1000 1671 1084 1784 xilll
1104 1667 1279 1780 &qim
1297 1668 1344 1750 ab.

271 1800 382 1886 Neque
410 1799 486 1868 huie
516 1799 763 1886 interpretationi
798 1822 836 1864 ex
869 1798 1001 1866 Ροαίννο.
1030 1799 1154 1868 cxlv:
1184 1803 1242 1878 19,
1268 1818 1349 1886 quem

274 1935 411 1980 onorius
440 1913 599 1993 excitarit,
623 1913 812 2000 praesidium
824 1911 943 1999 ,quaeri
965 1924 1082 2000 potest,
1101 1923 1138 1978 ut
1159 1914 1223 1980 iam
1241 1910 1349 1978 monuit

274 2047 434 2098 cocceius.
480 2028 603 2092 Paucos
620 2025 705 2092 haud
725 2025 821 2090 dubie
845 2024 950 2092 Deum
974 2026 1008 2092 in
1029 2037 1134 2092 mente
1157 2025 1283 2103 habuit,
1301 2021 1348 2088 sed

273 2141 375 2208 studio
406 2161 462 2206 suo
495 2140 653 2207 brevitatis
686 2138 831 2218 indulsit,
862 2140 1039 2207 Pronemen
1069 2139 1168 2208 αὐτοῦ
1198 2139 1348 2213 omittens,

273 2266 383 2342 utpote
414 2254 547 2322 orationi
575 2254 679 2326 minius
702 2251 920 2320 necessarium.
967 2253 1019 2322 Sic
1036 2253 1158 2326 εὐδοκία
1179 2254 1274 2322 ctiam
1296 2252 1349 2340 sine
1399 2229 1400 2274 l

207 2433 218 2458 ‚
272 2368 462 2436 Prouomine
493 2368 590 2438 αὐτοῦ
621 2371 671 2434 rel
692 2369 790 2436 αὐτοῦ
796 2415 807 2447 ,
827 2379 881 2441 'aut
904 2369 999 2454 ipsius
1019 2369 1075 2434 Dei
1093 2369 1229 2444 Nomine
1249 2368 1349 2456 legion

272 2481 345 2550 Sir.
369 2484 488 2551 XXXI:
515 2486 568 2552 18.
591 2483 723 2562 XXXV:
752 2484 810 2558 lt,
832 2481 909 2552 item
931 2483 1005 2550 XV:
1031 2485 1090 2562 15,
1114 2483 1168 2553 ubi
1196 2505 1256 2568 pro
1275 2485 1351 2566 ποιῆ-

273 2619 327 2662 σαι
346 2595 407 2663 leri
427 2595 600 2662 mutatione
621 2596 748 2662 fortasse
769 2595 970 2662 scribendum
979 2607 1024 2662 e'st
1034 2594 1169 2685 πονήσει,
1191 2610 1228 2664 ut
1239 2596 1350 2664 alterius

274 2708 408 2776 membri
433 2683 544 2774 ¹sensus
574 2708 613 2774 sit
634 2717 667 2774 et
687 2707 794 2795 fidem
821 2711 973 2776 liberabit
986 2711 1115 2800 placiti
1138 2714 1195 2776 sui
1215 2697 1350 2800 benigni·

273 2819 364 2889 Adde
384 2823 487 2886 odom
511 2820 639 2888 Adomt'
660 2822 743 2907 apud
764 2845 855 2890 raon.
886 2823 966 2892 cod.
989 2823 1114 2894 Pseud.
1135 2825 1175 2892 V.
1196 2826 1232 2890 T.
1250 2825 1316 2894 Vol.
1331 2822 1351 2884 I.

273 2957 306 3020 p.
320 2937 390 3010 ,17τ
423 2928 583 3022 δωδεκάτῃ
614 2931 725 3024 (ἡμέρᾳ
752 2938 939 3021 ἐπιτελεῖται)
969 2935 1100 3014 ἔντευξις.
1121 2915 1299 3024 ἀνθρώπων
1321 2935 1352 3008 εἰς

273 3046 418 3124 εὐδοκίας.
460 3043 593 3110 Psalm.
614 3041 702 3112 'Sat
736 3047 811 3114 VIII
830 3046 906 3113 ibid.
930 3069 962 3132 p.
985 3050 1067 3114 944:
1102 3046 1199 3130 Ἡμῖν
1226 3050 1277 3116 καί
1291 3051 1352 3120 τοῖς

274 3159 387 3238 τέκνοις
412 3159 503 3246 ἡμῶν
522 3159 545 3246 ἦ
564 3157 687 3227 εὐδοκίαν
704 3162 745 3238 εἰς
764 3158 818 3227 τδν
837 3163 954 3228 Meos
987 3171 1018 3224 et
1038 3161 1131 3236 verba
1150 3160 1233 3228 Luc.
1253 3161 1297 3224 ll:
1320 3159 1351 3220 14

274 3277 310 3342 ἓν
329 3268 507 3362 ὐνθραίποις
526 3271 664 3353 εὐδοκία,
676 3269 819 3359 'quorum
835 3273 995 3359 probanda
1011 3273 1134 3342 ridetur
1150 3271 1352 3360 interpretatio

276 3388 426 3475 vulgaris:
460 3387 506 3458 Io
531 3388 714 3462 Ιιονιίννούαο
740 3397 790 3455 est
813 3391 979 3478 placitum
1002 3392 1074 3454 een
1094 3390 1288 3480 benignum,
1313 3383 1352 3448 rel

276 3501 462 3566 heminton
484 3502 561 3566 bene
580 3506 681 3592 cupri.
728 3503 820 3585 Quod
847 3515 952 3570 autem
987 3525 1096 3570 vocem
1116 3504 1242 3580 εὐδοκία
1269 3497 1352 3568 reddo

270 3611 439 3704 placitum
461 3615 651 3704 benignum,
676 3638 740 3684 uon
763 3618 999 3695 benevolentia,
1023 3628 1059 3684 ut
1076 3617 1232 3705 plerique,
1256 3636 1353 3683 sccun-

278 3727 355 3793 dum
376 3729 667 3796 Glossamsurnar:
694 3729 729 3796 τδ
747 3729 870 3816 dyadis
889 3727 1018 3818 θέλημα
1035 3733 1092 3798 τοῦ
1110 3731 1195 3798 Θεοῦ
1200 3771 1212 3804 2
1231 3729 1354 3814 aliasque

277 3841 408 3924 similes;
431 3841 493 3908 boo
513 3842 550 3910 fit
568 3843 726 3920 consulto,
750 3864 790 3908 ne
808 3843 947 3926 ineptam
967 3842 1190 3929 loquacitatem
1202 3839 1354 3908 obtrudere

141 3987 148 3995 ·
279 3977 373 4043 cogar
397 3979 499 4021 inuno
520 3955 613 4044 Eplt.
635 3955 666 4018 l:
692 3960 729 4032 5,
753 3954 809 4019 ubi
833 3954 952 4039 scripsit
972 3952 1050 4022 νατοί
1069 3953 1126 4041 τήν
1151 3954 1289 4022 retortos
1310 3949 1356 4016 roi

245 4153 247 4160 Α
278 4063 453 4154 θελήματος
480 4066 586 4133 αὐτοῦ.
617 4067 656 4130 cf.
684 4089 726 4130 rs.
762 4071 793 4132 9.
839 4067 986 4153 Superest
1010 4066 1149 4153 quaestio
1174 4065 1356 4164 donodono

279 4174 517 4266 Praep'ositionis
534 4179 622 4266 ὐπέρ,
643 4191 674 4242 et
687 4179 807 4266 gravior
817 4178 954 4267 quidem,
968 4203 1033 4267 quo
1043 4181 1149 4266 plures
1158 4165 1356 4264 Interpretum

282 4293 321 4356 de
343 4316 379 4360 ea
400 4305 474 4362 sunt
497 4293 676 4360 sententiae.
723 4294 814 4360 Haud
835 4295 945 4378 pauci,
966 4316 1112 4361 curenno
1134 4293 1232 4370 duee,
1251 4307 1307 4377 pro
1327 4305 1354 4348 ea
