2812 5032
287 395 348 456 116
672 409 736 452 cer.
761 389 785 452 l.
810 407 894 450 ures.
918 389 971 451 29.
1001 433 1004 440 .

287 577 442 644 notionem
465 574 603 637 obtinere
622 573 725 656 possit.
772 573 879 658 Neque
901 571 1046 636 audiendi
1069 580 1156 644 suut,
1178 569 1232 655 qui
1254 566 1347 651 Ellipsi

288 687 371 750 verbi
401 693 494 752 ποιεῖν
523 685 570 748 rel
592 681 774 763 σπουδάζειν
802 659 933 748 orationi
953 681 1137 769 affingenda
1155 703 1212 768 pro
1235 680 1348 746 libidine

288 812 384 887 agunt
408 809 437 862 et
466 799 625 862 manifesto
644 797 797 882 produnt,
821 819 852 862 se
880 797 914 865 in
942 776 1100 882 desperata
1130 795 1243 861 versari
1263 817 1349 860 cauus

289 913 380 995 Quod
402 910 485 976 haud
504 910 598 975 dubie
616 910 707 975 etiam
730 909 865 996 prodidit
876 931 1043 994 respueres,
1065 897 1190 974 nlonurr
1210 909 1242 972 in
1261 918 1350 972 mente

286 1025 428 1092 habuisse
458 1025 541 1090 aiens
565 1047 698 1090 caueam
728 1045 853 1088 cunrsrr
885 1026 991 1100 tucri;
1014 1022 1066 1086 sed
1094 1022 1264 1108 generatim
1285 1019 1350 1083 illud

289 1135 484 1223 expressisse,
515 1148 550 1200 ut
573 1135 719 1201 continuo
742 1136 897 1222 sigillatim
921 1145 951 1198 et
970 1156 1027 1219 per
1049 1142 1152 1219 partes
1175 1154 1351 1219 proponeres

288 1263 348 1316 tur.
394 1249 803 1334 nuperrimemnmsms
825 1245 989 1314 dietumrd
1003 1245 1081 1334 ὑπὲρ
1100 1251 1238 1331 Χριστοῦ
1258 1244 1351 1310 ecdem
1396 1251 1398 1258 ’

288 1362 397 1440 modo,
412 1383 457 1426 ac
481 1383 577 1447 prope
597 1362 784 1448 praec‘edens
800 1361 840 1426 rol
858 1361 923 1447 περὶ
943 1359 1046 1441 ὑμῶν,
1067 1357 1282 1443 explicandum
1299 1379 1350 1422 esse

269 1459 406 1552 'statua
441 1486 476 1537 ut
509 1475 564 1538 sibi
596 1475 727 1539 voluerit
753 1482 860 1538 auctor
881 1461 969 1560 qood
990 1474 1108 1536 attinet
1128 1471 1349 1536 adruunrsncn.

287 1588 390 1672 Atque
407 1585 484 1651 baec
505 1587 655 1652 sententia
678 1586 744 1651 aliis
766 1586 828 1650 iam
848 1597 920 1650 ante
938 1586 1054 1670 placuit
1075 1586 1155 1650 bene
1167 1585 1281 1650 multis.
1302 1583 1350 1647 Sed

288 1709 323 1762 ut
345 1697 532 1782 praesidium
552 1721 615 1772 non
637 1697 729 1762 babet
751 1698 783 1760 in
808 1699 908 1762 verbis
929 1698 969 1765 vo*
987 1701 1054 1786 περὶ
1072 1699 1179 1784 ὑμῶν,
1202 1717 1350 1786 quaecum

290 1809 439 1894 superiori
459 1803 578 1878 duodeni
599 1809 809 1874 connectenda
832 1833 895 1874 esse
917 1811 1065 1887 vidimus,
1086 1812 1129 1876 sic
1149 1812 1224 1875 terri
1247 1811 1350 1896 nequit·

289 1923 347 1987 nisi
364 1945 437 1987 cum
458 1945 664 1999 courrieres
682 1933 712 2016 et
734 1923 860 2008 quidem
881 1903 946 1988 sine
970 1947 1073 2002 musa,
1100 1936 1254 2003 sumatur,
1273 1925 1351 1988 Prae-

290 2035 472 2121 positionem
483 2035 559 2122 ὖπέρ
579 2057 636 2120 pro
646 2036 715 2122 mot
721 2035 876 2120 scriptam
890 2058 962 2101 esse.
975 2039 1047 2101 llec
1058 2036 1352 2122 praetermittendum

235 2175 241 2190 ·
290 2159 350 2225 est,
373 2147 458 2214 bunc
472 2149 571 2214 ‚etiam
592 2148 625 2212 in
646 2149 750 2212 locum
773 2148 924 2233 ingratam
947 2149 1104 2235 importari
1118 2149 1351 2217 redundantiam,

290 2263 314 2324 si
332 2259 451 2326 dictum
472 2261 533 2326 tale
550 2260 678 2326 orationi
699 2261 868 2326 inseratur:
883 2262 990 2326 llinus·
1001 2285 1075 2326 sene
1093 2261 1352 2348 reprehendendus

291 2373 368 2438 mihi
397 2374 518 2440 ridetur
549 2398 701 2454 cronius,
732 2377 907 2464 quinimo
930 2389 1034 2462 aperte
1057 2358 1352 2442 Pleonoemomtn'-

291 2489 373 2568 buit3
407 2489 545 2576 quamvis
572 2513 612 2554 ne
632 2489 713 2555 hanc
737 2471 863 2576 quoque
885 2491 1066 2556 sententiam
1088 2491 1278 2575 probandam
1300 2506 1354 2552 esse

289 2613 384 2685 puto‚·
406 2603 463 2664 nisi
486 2625 521 2666 ea
543 2603 768 2668 correctionem
789 2603 904 2668 subeat.
938 2604 1034 2689 Atqui
1054 2603 1145 2668 buius
1167 2599 1353 2670 correctionis

290 2711 482 2778 adhibendae
499 2715 579 2778 viam
600 2708 826 2800 quodammodo
848 2738 1012 2794 secamus,
1037 2735 1354 2794 narrarerrsrns‚·ri1r

290 2847 378 2901 urus,
414 2847 661 2904 anonumum,
686 2841 725 2892 et
755 2830 854 2892 multo
882 2841 953 2894 ante
986 2853 1157 2899 coenemus
1186 2856 1207 2896 A
1240 2849 1355 2900 mesot,

289 2959 521 3016 snrcnrmerus,
541 2933 706 3018 nnrnsrusq
718 2961 867 3005 nocemus
886 2954 1113 3010 monstrarunt:
1136 2965 1272 3031 quornm
1294 2961 1355 3007 con-

291 3051 364 3140 siliis
385 3050 521 3126 adiutus,
545 3050 646 3126 dicant
668 3053 751 3138 quod
775 3053 881 3118 sentio.
927 3057 1045 3121 Auctor
1066 3058 1195 3122 lectores
1223 3079 1307 3133 suos,
1329 3062 1357 3114 ul

242 3217 245 3226 Δ
292 3163 439 3240 vidimus,
453 3149 586 3227 ¹monuit
608 3187 714 3250 supra,
737 3166 761 3228 si
782 3165 864 3229 firmi
887 3177 917 3232 et
936 3167 1069 3232 interriti
1091 3181 1209 3234 starent
1230 3170 1264 3232 in
1285 3165 1356 3237 fide,

294 3277 386 3340 telem
405 3276 485 3340 hano
507 3299 571 3340 esse
595 3278 813 3358 constantiam,
837 3293 873 3344 ut
896 3282 1038 3362 diuinitus
1059 3282 1357 3369 tanquam-adversa·

195 3441 197 3450 t
288 3387 345 3467 ‚riis
368 3411 475 3453 eorum
495 3388 683 3490 perniciem,
696 3391 732 3454 iis
752 3413 823 3456 vero
836 3395 1195 3490 salutemauguraretur.
1217 3373 1359 3482 'lamgu-

293 3521 345 3577 re‚
371 3521 433 3585 quo
454 3501 533 3565 illud
555 3501 804 3582 confirmaretur,
827 3517 1045 3592 argumentum
1062 3506 1096 3570 in
1117 3527 1154 3570 co
1180 3501 1360 3593 οῑα1,’ᾳυοι1

253 3691 260 3706 .
292 3613 356 3696 ipse
379 3612 460 3676 Deus
486 3613 722 3702 Phe'leppenses
742 3615 781 3682 ad
799 3619 914 3683 atrocia
933 3619 1057 3704 quaevis
1078 3619 1208 3684 viriliter
1229 3613 1360 3704 patienda

291 3735 462 3790 vocaverat.
508 3713 573 3790 lloc
605 3725 700 3812 igitur
729 3751 814 3794 nunc
834 3731 946 3796 *utitur
970 3753 1099 3826 nautum
1127 3754 1187 3811 nec
1209 3755 1284 3797 vero
1304 3727 1362 3794 satis

294 3836 387 3904 babet
415 3835 451 3900 iis
478 3837 668 3902 vocationem
699 3832 788 3907 illam
807 3843 1363 3929 preponere‚¹sed.scribereincipit>

220 3977 224 3986 ¹
294 3949 482 4036 singularem
511 3949 544 4034 in
575 3950 628 4014 illa
660 3953 765 4030 cerni,
798 3957 1002 4040 quem-Deus
1034 3957 1070 4021 iis
1090 3957 1299 4041 praestiterit,
1324 3955 1339 4018 f
1350 3987 1365 4000 -

296 4051 433 4130 vorem?
459 4059 545 4128 Nam
576 4066 683 4142 vobio,
720 4067 778 4144 ait,
803 4069 910 4156 sanor
940 4071 1001 4134 ille
1025 4078 1219 4160 praestitus
1248 4079 1316 4154 eet,
1336 4072 1366 4128 td

292 4183 361 4262 pro'
378 4197 531 4254 corusco,
561 4190 591 4242 et
609 4178 746 4263 adiicere
763 4179 829 4246 vult
850 4186 979 4248 atrocia
1004 4189 1145 4272 quaevis
1162 4183 1365 4276 pateremini.

289 4285 357 4370 *Sed
378 4309 410 4352 se
431 4287 624 4356 adiecturum
647 4291 745 4372 ridet,
771 4294 872 4378 qued,
897 4297 1034 4382 quemvis
1053 4299 1234 4387 frequenter
1244 4297 1324 4368 illud
1339 4295 1367 4358 in
