2812 5032
381 437 446 482 u».
470 417 494 482 1.
520 439 604 481 vans.
629 421 685 494 25,
711 421 764 483 aa.
794 489 801 504 ,
862 405 865 412 ’
1049 418 1108 481 ios

6 577 7 592 .
59 601 162 690 stolam,
185 598 225 662 in.
240 621 302 685 qua
327 621 498 678 versamur,
524 602 615 665 aliam
636 602 717 665 serre
741 599 990 686 explicationem,
1016 602 1110 664 lucu-

61 715 140 777 lenter
158 722 283 800 apparet
304 733 350 778 ex.
374 713 444 798 Cap
468 715 514 777 ll:
539 716 590 792 17,
613 718 666 792 23,
690 712 821 791 24,,υ1)ἰ
845 723 951 778 auctor
975 712 1010 777 se'
1029 713 1110 777 inter·

60 845 129 909 spem
144 824 220 890 ritae
236 835 418 914 metumque
433 825 538 890 mortis
553 821 704 910 fluctuare
718 825 829 912 prodit.
863 823 1009 904 Accedit,
1027 825 1111 912 quod
1198 863 1200 868 ·

6 927 8 930 ¹
60 929 96 1000 dr
112 937 189 1003 credi
206 949 322 1024 potest,
343 961 415 1004 eum
434 961 524 1026 supra
542 962 584 1008 vs.
605 944 658 1018 22,
679 943 733 1018 23,
752 941 795 1004 24
817 939 1003 1024 scripturum
1021 939 1112 1019 luisse

61 1049 321 1140 Philippensibus,
339 1063 490 1137 quantum
508 1053 589 1118 inter
606 1053 685 1117 vitae
704 1063 735 1116 et
750 1051 856 1116 mortis
869 1052 1025 1138 optionem
1040 1051 1111 1116 liae-

62 1175 139 1242 reret‚
156 1164 181 1228 si
199 1175 284 1228 certo
303 1165 394 1229 sciret
412 1166 493 1244 iore,
513 1176 549 1232 ut
565 1166 651 1253 brevi
669 1169 850 1231 moreretur.
869 1161 916 1253 (1)
935 1165 1022 1247 Quae
1038 1173 1122 1228 eum

61 1275 93 1340 ita
108 1277 175 1357 sint,
192 1277 258 1343 sine
275 1278 420 1363 scrupulo
438 1277 523 1344 huno
541 1278 646 1344 locum
664 1278 707 1342 sic
725 1278 924 1363 interpretor:
953 1277 1006 1342 Et
1024 1279 1112 1341 citae

61 1409 131 1454 neae
153 1394 423 1458 conservationem
447 1395 500 1456 rei
522 1391 736 1461 Christianae
759 1394 870 1480 magis
893 1393 1113 1456 necessariam

61 1523 116 1566 esse
140 1502 316 1590 confidens,
341 1504 523 1593 praevideo
543 1507 641 1592 fore,
670 1512 708 1569 nt
735 1507 770 1567 in
798 1507 868 1568 nita
894 1525 1058 1581 maneam,
1082 1511 1114 1566 et

60 1615 195 1680 oohisnem
214 1617 360 1680 mnnihas
379 1619 477 1706 longo
491 1617 600 1683 adhue
616 1627 762 1707 tempore
770 1637 995 1706 permaneam.
1026 1615 1113 1697 Quae
1178 1697 1185 1706 .

60 1727 247 1813 interpretatio
282 1729 475 1796 confirmabit
508 1730 657 1796 iudicium
691 1733 951 1808 runornrmerr,
984 1749 1113 1794 muvnu

60 1840 247 1928 aliorumque,
280 1863 357 1930 quos
381 1830 450 1908 'ianr
483 1844 667 1929 praecessise
697 1843 819 1908 videtur
852 1865 1112 1920 ceramussense,

61 1950 119 2018 hinc
135 1954 262 2042 intelligi
280 1977 344 2021 non
362 1977 466 2042 posse,
486 1979 648 2024 ranunsne
659 1957 697 2022 ad
715 1955 951 2046 Philippenses
971 1956 1111 2031 redierit,
1136 1983 1139 1988 ¹
1188 1963 1200 2012 ἲ

60 2085 91 2126 au
114 2085 170 2130 non
198 2066 331 2142 redierit.
380 2068 524 2135 Ceterum
551 2053 636 2136 recte
663 2071 726 2162 iam
753 2070 879 2139 Veteres
907 2049 1111 2147 monuerunt,

61 2177 224 2245 Pronomine
242 2181 343 2264 ὑμεῖς,
364 2205 464 2270 aeque
487 2195 580 2271 atque
597 2185 631 2248 in
651 2182 750 2251 Versu
769 2182 934 2267 superiori,
953 2205 1016 2246 non
1035 2182 1113 2245 solos

60 2293 170 2374 spectari
193 2291 445 2383 Philippenses,
472 2296 524 2368 sed
550 2307 581 2362 et
598 2296 672 2362 alios
691 2317 904 2382 quoscumque
923 2315 1049 2360 unnrsrr
1067 2317 1113 2373 se7

60 2413 187 2484 otatoras,
210 2405 266 2493 qui
284 2403 360 2473 tunc
381 2408 525 2476 virerent.
788 2419 792 2428 '

93 2515 168 2598 Quid
187 2539 235 2597 se,
256 2517 375 2586 diutius
388 2529 461 2586 euin
479 2523 676 2606 sectatoribus
696 2543 821 2587 cnnrsrr
843 2519 1112 2610 Philippensibus

60 2627 185 2709 virendo,
204 2631 388 2698 effecturum
415 2645 599 2723 auguratur,
628 2635 672 2700 sic
699 2633 823 2720 exponit
851 2640 972 2700 auctor:
999 2636 1040 2712 εἰς
1059 2635 1114 2721 τήν

59 2736 132 2820 ὑμῶν
153 2742 306 2830 προκοπήν
331 2748 382 2811 nal
406 2743 506 2833 χαριὲν
527 2750 584 2833 τῆς
602 2747 735 2825 πίστεως.
773 2747 929 2812 Perseius
954 2745 1032 2812 haee
1051 2746 1111 2810 iam

60 2852 175 2933 traiecit,
193 2855 324 2922 mirifice
343 2879 416 2922 sane
434 2859 652 2944 interpretans:
677 2868 717 2923 at
735 2861 917 2948 prep‘eeiam
940 2852 980 2924 de
993 2862 1114 2947 fincta

51 2961 126 3042 fidei
139 2976 267 3034 vestrae
283 2977 315 3034 et
328 2969 493 3060 gaudiam
513 2972 679 3055 habeatis,
696 2972 758 3036 sire
770 2982 808 3037 nt
819 2973 1018 3062 gnaadenta's,
1035 2977 1114 3062 qaia

58 3085 152 3143 vestra
170 3103 220 3149 me
228 3081 322 3168 fides
344 3091 376 3147 et
395 3088 503 3150 oratio
519 3091 731 3152 emisennnoit.
761 3087 868 3174 Aeque
886 3087 1113 3152 incommodam

59 3183 120 3253 huic
139 3193 223 3273 loco,
250 3205 282 3258 et
304 3195 395 3261 aliam
414 3197 663 3285 qualemcunque
681 3199 908 3278 traiectionem,
929 3211 959 3264 et
978 3199 1115 3266 Hendia-

58 3297 111 3384 dyn
133 3327 209 3385 esse,
232 3329 376 3374 womrns
396 3306 455 3397 (2),
476 3311 630 3396 multique
648 3321 778 3377 c'umeo
795 3311 980 3398 Interpretes
998 3312 1121 3378 doone-·

60 3424 127 3480 mut.
182 3419 275 3501 Quod
305 3427 407 3486 autem
438 3421 480 3486 ait
510 3443 725 3488 urnnnurorns
758 3419 822 3512 (3),
856 3423 1034 3489 Genitirum
1062 3432 1118 3514 τῆς

57 3524 166 3608 πίστεως
198 3531 238 3596 ad
272 3533 488 3598 Accusativum
506 3538 692 3620 'utmmque
725 3533 959 3621 praecedentem
993 3539 1115 3616 referri,

56 3640 186 3720 quomam
204 3645 293 3709 alteri
310 3637 466 3711 ilrticnlus
485 3642 542 3733 tha
561 3649 750 3734 praepositus
768 3649 821 3728 sit,
841 3649 930 3715 alteri
945 3673 1008 3718 non
1025 3652 1114 3728 item,
1180 3707 1184 3717 ,

55 3769 84 3812 te
102 3753 233 3838 quidem,
255 3769 291 3822 ut
306 3760 442 3845 primum
457 3759 587 3848 legitur,
607 3762 695 3827 valde
715 3764 919 3833 commendat.
954 3765 1014 3830 Sed
1034 3762 1116 3862 hapd

54 3861 127 3942 soie,
150 3888 189 3934 an
206 3875 433 3959 argumentatio
452 3874 517 3939 eius
535 3874 736 3942 labeia'etetur
754 3879 940 3945 Pronomine
957 3877 1115 3946 interiecto

54 4039 269 4084 Ἢ-Τ
319 4050 326 4062 ἱ

85 4147 119 4215 ll)
138 4153 178 4204 cu.
196 4141 315 4226 Disputita
332 4163 358 4214 in
375 4164 485 4215 Irrmoitn
502 4182 526 4232 p.
547 4160 580 4216 20
597 4184 651 4235 sqq.

85 4240 120 4305 (2)
137 4245 162 4295 ln
181 4247 255 4300 Caris
269 4253 341 4322 Phil.
359 4255 388 4305 ad
405 4255 429 4306 h.
447 4255 464 4306 l.

85 4332 120 4396 (ἦ)
142 4334 168 4386 T
168 4339 196 4388 he
211 4338 294 4394 Doerr.
313 4343 346 4411 os
359 4341 400 4396 nn
419 4345 498 4400 Greek
515 4348 573 4401 Art.
593 4361 640 4400 cet.
660 4350 696 4400 ed.
717 4365 779 4400 nost.
798 4369 823 4418 p.
839 4349 899 4401 ³68.
935 4419 936 4422 Ἴ
