2818 5032
406 399 473 442 cre.
497 377 550 446 IV.
577 401 658 444 vens.
686 381 735 444 12.
1048 384 1109 444 301
1134 374 1137 381 ’
1177 439 1179 444 ,
1251 405 1256 416 ·

51 572 144 645 betur,
173 567 226 653 qui
258 545 317 632 rice
346 564 649 644 animadverterunt,
683 565 851 652 singularia
882 563 968 644 nune
992 565 1111 634 dictum

51 680 180 769 generale
198 680 349 765 excipere,
362 677 556 765 nequehenc
574 679 672 764 ipsum
693 678 864 744 orationem
880 679 1110 746 intellexerunt.
1179 712 1185 722 ·

51 794 267 888 Procofquod
288 815 380 860 suum
400 803 482 871 eret,
506 791 545 858 ed
564 792 753 878 optimorum
773 792 924 856 librorum
944 791 1038 858 fidem
1058 814 1111 858 re-

49 909 198 973 stituerunt
225 908 410 972 recentiores
441 906 518 972 Novi
537 905 723 972 Testamenti
744 904 883 970 Editores
906 907 971 970 sere
994 921 1110 972 omnes.

47 1022 101 1084 lem
121 1019 220 1088 Verba
241 1022 460 1086 ταπεινοῦσθαι
480 1028 512 1082 et
533 1015 713 1103 περισσεύειν
743 1016 819 1104 quid
840 1016 898 1081 sibi
922 1017 1035 1094 velint,
1059 1019 1111 1082 In-

48 1143 179 1216 terpretes
199 1133 281 1198 inter
299 1129 521 1222 sepdisputent.
566 1131 728 1196 Posteriori
753 1152 1109 1224 assumpserimus,

44 1268 199 1330 osismos,
225 1246 280 1311 elii
300 1245 501 1328 excellendi,
528 1265 623 1330 quam
651 1243 842 1308 αοαιιιίαιιιίί
870 1242 1028 1308 notionem
1057 1245 1112 1308 tri-

44 1359 127 1422 buere
146 1361 339 1440 meluerunt,
369 1359 517 1446 quoniam
546 1357 631 1444 prius
653 1357 871 1425 humilitatem
899 1356 1051 1444 significet
1081 1367 1113 1420 et

43 1473 111 1538 infre
130 1472 272 1538 demum·¹
286 1474 381 1562 eopia
403 1481 434 1536 et
452 1475 569 1562 inopia
588 1482 809 1540 memorentur.
842 1469 924 1553 Sed,
950 1481 985 1535 ut
1011 1471 1111 1558 gravis
1208 1535 1211 1546 ,

41 1583 141 1650 horum
149 1587 297 1655 Virorum
313 1584 478 1652 auctoritas
496 1596 560 1668 est,
582 1584 625 1650 ite
647 1585 775 1650 leviores
791 1595 862 1650 sunt
878 1583 1010 1650 rationes
1025 1583 1109 1666 illae,

42 1720 125 1784 qrnm
154 1709 190 1764 ut
220 1699 263 1765 ed
288 1719 413 1764 causum
431 1719 541 1762 eorum
571 1697 720 1764 tuendum
745 1698 875 1766 ratosne
906 1699 944 1763 In
969 1697 1111 1784 populari

40 1812 111 1875 enim
131 1811 307 1878 literarum
324 1813 489 1876 Sacrorum
511 1832 653 1878 sermone
673 1809 757 1878 heud
785 1833 855 1877 roro
878 1809 931 1895 fit,
958 1821 994 1876 ut
1018 1810 1112 1876 Anti·-

39 1922 119 1988 thesis
158 1919 289 2013 oblique
331 1934 363 1989 et
394 1923 574 2010 imperfecte
610 1925 801 2010 reperiatur,
834 1923 889 1989 ubi
924 1935 1041 1990 rectem
1081 1936 1113 1990 et

36 2039 193 2122 perfectam
225 2037 285 2104 sibi
317 2037 451 2124 postulet
484 2035 579 2102 oratio
604 2034 794 2122 philosopha.
847 2030 894 2102 Ite
926 2047 957 2102 et
985 2037 1026 2102 eh
1045 2020 1112 2104 'hoc

35 2171 166 2216 sermone
197 2160 355 2216 remotum
382 2171 446 2214 nou
474 2126 521 2214 eit
555 2171 664 2216 eorum
680 2150 848 2238 'attingere
875 2161 1005 2236 partem,
1029 2173 1112 2237 quo-

35 2282 97 2327 rum
125 2264 165 2330 ed
196 2263 419 2350 expositionem
450 2261 537 2326 locus
569 2260 696 2326 demum
726 2261 852 2326 inferior
880 2273 992 2348 petest.
1046 2265 1112 2330 Nec

34 2375 203 2461 importune
237 2357 342 2442 temen
374 2386 404 2440 et
425 2372 524 2438 inanis
555 2395 657 2440 orreo
679 2373 836 2462 effingitur
856 2373 1054 2460 εαοτολογία,
1085 2376 1110 2440 si

33 2489 163 2556 Verbum
182 2485 366 2580 περισσεύειν
385 2487 437 2554 tte
457 2485 603 2565 vertendo
633 2487 790 2552 reddimus
810 2487 988 2566 abundare,
1011 2509 1108 2574 quam

32 2605 182 2671 notionem
207 2602 289 2668 illud
312 2602 429 2688 ubique
455 2599 557 2680 hebet,
578 2601 671 2666 etiem
691 2602 726 2668 in
738 2602 824 2680 locis,
845 2601 959 2697 quipus
975 2623 1110 2668 serueu-

32 2736 137 2782 snmus
166 2716 288 2805 oliique
317 2712 537 2802 Lexicogrophi
558 2715 718 2782 notionem
748 2716 933 2782 excellendi
952 2715 1109 2788 vindicare
1152 2717 1154 2722 ’
1208 2798 1211 2802 ,

30 2829 224 2898 studuerunt.
279 2831 382 2915 Atque
409 2827 470 2894 lroc
507 2849 609 2894 unum
639 2829 769 2896 orationi
800 2830 944 2896 convenit
974 2841 1107 2896 conter-

31 2951 95 3020 tee,
120 2943 176 3010 ubi
210 2942 351 3030 quaestio
373 2940 414 3008 de
435 2940 638 3010 abundanter
661 2953 721 3020 est,
753 2941 793 3008 de
822 2943 1020 3012 excellentia
1046 2965 1109 3008 non

28 3056 106 3124 item.
166 3060 259 3142 Quae
284 3077 358 3122 cum
387 3056 535 3146 itu-sint,
565 3056 722 3144 plerisque
749 3057 972 3145 interpretibus
1001 3077 1110 3122 recen-

26 3169 167 3251 eonem,
200 3193 279 3258 quos
308 3190 571 3247 cmrsosrorrus‚
600 3190 813 3248 erueremus,
844 3191 1109 3238 rurorurmcrus

26 3284 136 3372 aliique
166 3287 300 3355 Veteres
328 3291 579 3370 praecesserunt,
607 3282 821 3367 obtemperare
847 3303 912 3348 non
941 3283 1049 3350 dubito
1079 3295 1110 3348 et

24 3399 156 3465 scrihere
174 3397 362 3475 abundare,
385 3395 469 3483 quod
484 3395 553 3464 dete
569 3415 667 3481 ¹opere
684 3396 777 3462 etiem
798 3394 1005 3460 defenderunt
1020 3419 1108 3476 erm,

23 3531 139 3591 esurus,
166 3532 417 3580 unmrwruoos.
463 3507 584 3574 Idcirco
609 3519 714 3574 tamen
739 3531 802 3574 non
822 3507 970 3574 assentior
986 3507 1033 3587 iis,
1054 3510 1110 3600 qui

22 3623 200 3709 oppositum
210 3629 428 3692 ταπεινοῦσθαι
442 3621 525 3709 apud
535 3621 720 3688 Hetleuistas
732 3619 905 3709 significare
916 3622 1110 3690 contendunt

19 3739 187 3827 inopium,
212 3737 299 3824 quod
312 3737 375 3804 mm
394 3759 414 3802 e
433 3746 683 3824 rneoeutmcro
703 3745 841 3800 sumtum
865 3747 1031 3823 nostreque
1042 3758 1109 3800 mc·

18 3853 116 3917 morio
136 3861 350 3938 propagatum
372 3851 489 3916 nollem
509 3873 529 3916 ο
551 3869 793 3927 senescerere.
824 3873 979 3931 wintro,
1009 3873 1109 3916 rurr-

14 3986 232 4032 sunnemnun.
277 3966 315 4029 In
343 3965 418 4030 locis
443 3965 544 4041 enim,
581 3973 733 4050 plantum
761 3965 910 4045 memini,
946 3963 1107 4042 omnibus,

15 4077 54 4143 ed
85 4101 171 4168 quos
197 4077 359 4164 provocari
392 4077 484 4154 solet,
511 4077 662 4164 generetis
689 4076 897 4167 depromendi
925 4075 1107 4166 significatio

15 4192 185 4258 retinenda
200 4204 264 4270 est,
287 4190 405 4257 etiamsi
417 4189 513 4258 oratio
525 4189 749 4280 depressionis
771 4191 915 4279 speciem,
934 4190 1107 4278 etquidem

11 4307 168 4397 εἰιοριππι
190 4303 345 4390 respiciet
368 4306 462 4377 Totus
480 4302 577 4390 igitur
592 4305 754 4390 ueqttiesco
772 4306 807 4373 in
822 4303 884 4377 huc
899 4303 1109 4375 admonitione
