2808 5032
278 389 343 454 266
664 403 731 444 car.
755 381 808 446 Ν.
835 402 917 446 vans.
947 385 973 446 1.

280 577 389 656 caepae
405 569 442 628 in
454 561 643 657 profitendo
666 564 801 630 Christo
820 567 906 650 aiot,
926 574 958 629 et
975 569 1118 630 maiores
1140 571 1289 630 continuo
1314 575 1342 646 io

271 684 401 770 pretate
422 685 455 742 et
477 678 601 741 virtute
621 698 832 767 progressus
844 679 992 767 faciam.
1038 678 1089 743 Sic
1109 679 1194 742 enim
1217 679 1343 748 vernae

277 797 322 884 τῷ
342 789 419 882 ἔργῳ
437 793 493 856 τοῦ
510 789 629 873 Κυρίου
650 791 799 857 sumenda
821 802 907 868 sunt,
928 803 963 856 ut
984 811 1057 858 cnm
1075 783 1241 877 Parfioipio
1259 817 1343 880 napo·

277 900 411 981 esionae
429 912 669 982 connectantur,
691 925 764 968 cum
782 902 946 970 Adiectivis
965 905 1079 993 ἑδραῖοι
1103 916 1134 969 et
1150 904 1343 992 ἀμετακίνητοι

279 1037 343 1082 non
363 1016 452 1082 item.
885 1037 887 1045 ⁴

324 1131 390 1196 lam
408 1129 572 1215 Apostolus
589 1127 710 1194 blandis
732 1129 859 1196 vocibus
880 1131 1033 1195 lectorum
1056 1143 1218 1217 praeparat
1235 1131 1345 1208 animos,

280 1255 316 1308 ut
346 1242 497 1308 benevole
523 1225 610 1308 suam
642 1242 795 1327 accipiant
824 1243 1075 1310 admonitionem.
1129 1245 1209 1310 Nec'
1234 1246 1346 1331 gratian

281 1369 384 1422 tamen
407 1353 580 1420 simulando
604 1365 721 1440 captat,
745 1355 815 1434 sed,
839 1368 874 1420 ut
894 1356 1022 1441 simplex
1050 1367 1081 1420 et
1101 1357 1248 1443 antiquus
1269 1357 1346 1446 herpo

279 1482 342 1549 est,
374 1480 482 1556 pectus
512 1467 645 1553 explicat
676 1468 810 1534 caritatis
839 1470 985 1555 plenum,
1027 1490 1089 1556 qua
1125 1467 1345 1560 Philippenses
1396 1507 1397 1530 2

280 1584 507 1670 complectitur.
552 1581 634 1650 Hinc
663 1583 830 1648 verborum
856 1566 1025 1650 cumulatio
1049 1583 1190 1670 adeoque
1219 1585 1346 1652 orationis

282 1696 429 1786 gradatio.
475 1694 618 1758 Primum
649 1696 854 1781 appellatione
884 1697 1016 1762 maxime
1040 1697 1236 1784 frequentata
1265 1699 1347 1762 utitur

279 1810 411 1895 ἀδελφοί
437 1833 499 1891 μου
505 1859 515 1890 ,
532 1810 672 1897 fratres
703 1812 784 1892 mei,
813 1821 976 1876 sectatores
988 1832 1127 1875 0cua1sr1
1155 1811 1197 1876 ab
1221 1811 1286 1876 aliis
1303 1812 1347 1875 di-

280 1922 450 2008 stinguens.
496 1919 576 1986 Tum
596 1921 794 2008 appellationi
814 1921 859 1987 illi
877 1925 1014 1988 multum
1035 1921 1191 1991 suadtatis
1209 1923 1348 2011 adspergit

222 2069 227 2077 ·
281 2033 462 2102 scribendo:
495 2031 644 2119 ἀγαπητοὶ
666 2034 717 2098 καὶ
734 2030 932 2121 ἐπιπόθητοι,
960 2035 992 2102 id
1023 2050 1086 2116 est,
1120 2061 1202 2126 proca
1233 2059 1302 2106 amo
1325 2045 1350 2101 ot

282 2150 453 2228 convenire
472 2145 634 2211 ardenter
651 2149 748 2236 cupio
770 2144 827 2236 (1).
874 2149 1069 2216 Postremum
1093 2141 1202 2238 quanli
1225 2149 1349 2240 Philip

280 2283 400 2350 pensor
432 2258 560 2338 habeat,
594 2258 654 2325 hac
686 2255 794 2324 eorum
827 2259 963 2327 declarat
988 2263 1180 2330 laudatione:
1203 2263 1350 2355 χαρᾶκᾳὶ

284 2370 433 2462 στέφανός
453 2399 534 2458 μου,
563 2395 644 2460 quae
664 2373 757 2439 rerba
783 2371 838 2460 qui
855 2374 1100 2460 interpretantur
1119 2395 1192 2444 cum
1212 2399 1349 2443 namuro:
1398 2417 1399 2428 κ

285 2487 422 2554 Parvos
445 2490 481 2551 io
497 2489 677 2578 praesenti
693 2483 857 2572 laetzfieor
869 2496 901 2552 et
920 2491 958 2552 in
968 2489 1094 2578 futuro
1110 2493 1297 2576 coronabor,
1306 2513 1349 2556 au-

285 2613 404 2670 ctorem
433 2601 491 2666 sibi
519 2599 616 2688 magis
636 2611 815 2688 proponunt
838 2599 992 2666 subtiliter
1017 2599 1241 2689 disputantem,
1272 2577 1349 2691 duan

283 2715 418 2781 ardentis
448 2713 544 2780 animi
565 2737 670 2780 sensus
694 2713 923 2781 enunciantem.
957 2713 1192 2815 ,Cumanam
1218 2730 1249 2783 et
1271 2737 1348 2782 nemo

284 2827 410 2908 melius,
438 2827 520 2895 hano
544 2824 688 2926 σύνθεσιγ
713 2849 778 2892 esse
796 2829 1142 2918 monetpnopopmais,
1165 2851 1347 2920 quaeamus
1399 2851 1400 2918 ξ

284 2943 389 3009 dicere
407 2941 497 3006 velit:
521 2938 571 3026 ἐφ’
594 2933 638 3014 οἷς
656 2938 754 3025 χαίρω
780 2939 831 3003 καὶ
853 2937 1031 3023 ἅγοίλλομαι·
1057 2941 1106 3029 ἐφ’
1129 2937 1174 3020 οἷς
1195 2941 1295 3032 χηρᾶν
1313 2939 1350 3008 eoi

284 3054 406 3122 innovor
430 3052 503 3137 ἔχω.
542 3050 649 3115 Latine
674 3050 845 3134 scripseris:
866 3055 929 3140 qui
942 3051 1073 3142 gaudio
1091 3053 1175 3119 nu'hi
1194 3059 1351 3146 etglorioe

285 3171 378 3234 eoto'e.
424 3164 563 3230 Eandem
583 3162 759 3242 notionem,
782 3175 819 3229 ut
839 3177 945 3230 monet
967 3189 1121 3246 enorme,
1145 3191 1204 3234 vox
1225 3170 1352 3258 στέφανος

288 3281 380 3346 hahet
412 3277 481 3345 Iob.
509 3279 599 3343 xlx:
633 3281 665 3342 9.
696 3274 799 3343 Proo.
831 3276 935 3347 XVII:
966 3285 1005 3358 6,
1036 3281 1091 3346 nbi
1116 3302 1184 3346 eam
1217 3283 1352 3369 explicant

286 3391 364 3472 δόξα
382 3403 415 3457 et
434 3388 590 3480 καύχημα.
629 3391 794 3478 Proprium
816 3403 920 3458 autem
938 3401 969 3457 et
987 3391 1155 3481 figuratum
1167 3395 1351 3483 comprehen-

185 3491 186 3496 ἵ
285 3505 406 3572 duntur
422 3505 525 3572 Prov.
545 3505 634 3574 XVI:
657 3507 711 3570 31.
737 3509 752 3568 1
775 3503 848 3572 Pet.
869 3505 913 3575 V:
939 3511 976 3585 4,
996 3507 1070 3571 item
1092 3507 1106 3570 1
1134 3504 1248 3576 Thess.
1264 3506 1351 3577 11:19,

262 3624 352 3704 ¹20,
383 3641 477 3706 quem
507 3621 613 3684 locum
641 3619 709 3683 iure
739 3619 913 3706 meritoque
940 3621 1127 3706 interpretes
1155 3643 1232 3708 prae
1264 3616 1352 3688 ceteris

173 3779 176 3786 .
287 3733 460 3820 cornparari
476 3731 596 3799 iubent.
620 3731 681 3798 Sed
694 3733 758 3797 duo
779 3729 966 3801 observanda
982 3745 1070 3800 sunt:
1084 3737 1179 3802 rerba
1190 3723 1353 3824 ἡμῶνχαρᾶ

286 3843 477 3935 &aripenne
497 3841 672 3932 καυχήσεως
699 3843 745 3910 ibi
767 3846 932 3934 restringi,
959 3860 990 3912 et
1014 3845 1141 3936 quidem
1172 3845 1352 3936 sequentibus

323 4123 365 4191 (1)
390 4124 506 4175 similiter
531 4139 584 4175 euro
609 4133 693 4174 aromo
715 4125 846 4194 multisqpa
862 4125 917 4176 aliis
933 4125 1005 4176 verba
1021 4128 1191 4191 iuterpretatur
1208 4128 1351 4174 ammte

289 4220 332 4283 qni
356 4229 393 4268 ω’
406 4229 470 4268 recte
494 4233 588 4286 qaoque
614 4220 712 4284 opponit
737 4231 879 4268 nmmum
901 4220 1022 4286 opinioni,
1049 4217 1173 4268 Adiectiva
1191 4212 1319 4286 ἀμαπητθῖ
1333 4215 1353 4254 ⁸¹

290 4311 460 4378 ἐπιπόθητοι
475 4325 526 4361 esse
541 4313 685 4377 synonyma.
701 4311 747 4360 cu.
766 4310 930 4378 disputatori
948 4322 998 4378 rap.
1017 4313 1037 4361 l.
1057 4327 1091 4360 rs.
1112 4310 1135 4360 8.
