2808 5032
444 385 510 434 usn.
534 366 589 432 Ill.
614 387 699 430 vnis.
724 367 777 431 21.
1090 370 1154 433 263

51 631 53 636 ,
88 561 136 623 ’νῦν
159 548 239 630 ὄντος
266 551 350 643 αὐτῷ
382 547 515 638 ποιήσει,
545 551 759 630 resolverimus
789 547 847 637 (1).
904 550 970 615 lam
993 565 1067 613 cum
1095 549 1153 614 sibi

87 677 185 732 mutuo
215 673 406 750 opponuntur
436 662 473 730 vo*
501 665 593 744 σῶμα
619 666 673 748 τῆς
700 655 906 738 ταπεινώσεως
936 662 1026 749 ἡμῶν
1061 679 1091 730 et
1117 664 1153 732 eo*

86 774 477 866 reportatumque,
499 774 635 862 quaestio
654 791 719 869 esse
737 783 853 857 potest,
878 783 984 840 utrum
1006 777 1153 846 Substan‘-
1230 848 1232 856 ,

70 885 138 957 'tim
165 891 215 956 illo
245 891 279 958 iu
307 891 450 956 Genitiro
481 889 596 975 positu,
629 897 664 952 ut
693 909 836 964 sessuro,
866 910 963 954 unzin
986 893 1154 981 multisque
1237 937 1239 942 -

83 1005 291 1092 interpretibus
312 1006 412 1070 risum
434 1014 494 1081 est,
519 999 751 1066 Adiectitorum
771 999 889 1064 vicibus
908 1002 1092 1090 iungantur,
1113 1027 1154 1073 un

83 1107 243 1186 moundum
262 1137 410 1184 unomen
431 1114 611 1202 explicanda
629 1112 690 1178 sint
708 1114 788 1178 uilis
806 1122 942 1179 nostroe
956 1117 1153 1185 omsds‘tiona's

83 1240 123 1294 et
129 1233 300 1320 gloriosae
327 1233 402 1295 eius
423 1224 636 1294 conditionis.
684 1229 751 1292 lloe
772 1227 879 1294 suadet
897 1249 969 1295 usus
994 1233 1076 1296 vocis
1097 1259 1153 1298 τα-

82 1345 207 1423 aranee
233 1346 268 1410 in
290 1345 375 1409 Novo
397 1343 607 1421 Testamento3
641 1333 719 1406 iliud
742 1341 892 1427 loquendi
917 1365 983 1409 mos
1005 1346 1152 1410 Hebraeis

81 1456 209 1524 usitatus.
255 1458 317 1522 Sed
347 1458 434 1544 litem
454 1477 578 1520 movere
598 1452 676 1518 nihil
698 1455 824 1534 attinet,
849 1477 923 1521 oum
944 1473 1049 1522 seusus
1075 1481 1152 1524 ora-

82 1569 164 1638 tionis
185 1565 297 1636 eodem
318 1543 534 1649 semiredeat,
551 1581 658 1634 utrum
681 1570 740 1657 utri
760 1571 959 1656 praeferatur.
998 1572 1153 1637 Nimirum

81 1705 205 1764 asotos,
227 1686 263 1750 in
284 1697 390 1750 mente
412 1685 528 1750 hebens
550 1683 634 1770 quo‘d
653 1683 815 1769 scripserat
836 1707 878 1750 rs.
901 1688 941 1751 19
962 1685 1002 1750 de
1019 1685 1153 1750 homini-

81 1797 131 1862 hus
150 1797 297 1864 servitute
320 1799 456 1885 eorporis
479 1821 513 1864 se
533 1798 748 1885 perdeptihus‚
769 1793 822 1864 hio
840 1799 1014 1885 promisisse
1033 1796 1154 1865 ridetur

81 1929 234 1982 ousrsross
261 1931 403 2002 corporo
427 1885 623 1976 esitatorum
647 1933 797 1995 eteorum,
820 1914 960 2002 imperio
985 1932 1152 1991 sensuum,

80 2027 299 2115 completae,
319 2027 421 2090 morti
439 2026 581 2091 obnoxio
606 2028 657 2092 s'to
677 2004 878 2091 motatorem
899 2044 984 2106 esse,
1005 2032 1155 2092 eet-ima-

77 2140 183 2223 gz'nem
203 2142 262 2204 sui
285 2140 437 2227 referant
459 2136 631 2227 corpoeis,
657 2140 775 2222 lidori,
801 2141 964 2219 aetherei,
988 2144 1157 2206 slnmorto-

81 2249 130 2316 lis.
174 2251 356 2318 Doctrinam
375 2251 428 2318 hic
449 2251 637 2337 propositam
656 2251 820 2336 Apostolus
838 2253 970 2318 illustrat
989 2255 1077 2332 alibi,
1091 2256 1157 2318 im-

81 2363 180 2447 primis
205 2371 220 2430 1
253 2365 329 2434 Cor.
353 2367 426 2435 XV:
454 2369 496 2430 44
519 2386 586 2452 sqq.
631 2364 681 2429 Ab
701 2363 762 2430 hoo
783 2377 887 2430 autem
911 2366 996 2444 loeo,
1021 2379 1057 2430 ut
1075 2368 1156 2432 bene

81 2479 189 2543 notarit
217 2501 471 2572 nnmswsnnus,
502 2478 604 2543 aliena
631 2500 704 2543 oum
726 2478 838 2564 “opinio
869 2463 1068 2544 rr'nrnaronsrr
1090 2493 1154 2559 est,

80 2612 201 2657 inunum
222 2592 361 2658 deforme
382 2590 477 2670 illud,
501 2591 585 2679 quod
600 2590 743 2656 habuisse
760 2591 905 2670 traditur,
926 2604 1157 2678 spectasse-cor·
1237 2595 1240 2604 '

80 2723 148 2788 pus,
181 2717 253 2770 tum
281 2706 413 2770 aliorum
436 2695 618 2782 admonitio,
652 2705 745 2770 rerba
768 2705 833 2770 eius
855 2728 919 2770 non
941 2708 1081 2793 proprie,
1105 2709 1157 2774 sed

80 2816 205 2904 figurate
238 2819 418 2904 explicanda
453 2841 534 2899 esse,
564 2830 610 2882 ut
631 2839 765 2906 regnum
797 2839 926 2884 cnnrsnr
955 2842 992 2884 ex
1012 2819 1156 2886 deteriori

80 2931 255 2998 conditione
274 2931 313 2996 ad
335 2932 497 2997 meliorem
520 2943 662 3000 ereetum
684 2932 724 2996 iri
745 2931 936 3018 promittant.

119 3046 164 3109 Ne
192 3046 264 3132 quis
287 3068 360 3110 reso
379 3045 518 3125 dubitet,
550 3070 590 3112 an
619 3068 704 3132 spem
727 3047 841 3112 iactam
861 3068 1013 3112 cnarsrns
1036 3049 1158 3134 explere

78 3158 185 3239 possit,
209 3159 318 3226 adiicit
341 3171 463 3224 auctor:
486 3158 566 3226 καταῖ
583 3157 639 3244 τήν
659 3157 808 3246 ἐνέργειαν
826 3163 883 3226 τοῦ
901 3156 1057 3226 δύνασθαι
1067 3161 1160 3228 adedo

78 3274 125 3336 καὶ
141 3271 294 3352 ὑποταᾟαι
313 3274 415 3364 ἑαυτῷ
432 3273 474 3340 noi
491 3270 604 3340 urina:
629 3271 662 3336 id
683 3283 743 3350 est,
767 3283 803 3336 ut
826 3294 978 3338 ussurus
1000 3274 1158 3360 interpre-

77 3393 174 3450 tatur:
199 3387 373 3451 seeuodum
391 3367 592 3475 effieoeiom,
623 3409 688 3473 qua
708 3393 822 3473 potest
846 3389 945 3474 otiam
966 3388 1031 3450 sibi
1050 3389 1159 3466 subii-

77 3517 146 3563 cere
168 3502 293 3563 omm'a.
340 3501 384 3563 Ex
406 3499 498 3564 simili
521 3499 653 3564 formula
676 3482 754 3565 nord
780 3495 836 3584 τήν
860 3497 1010 3585 *ἐνέργειαν
1028 3505 1084 3586 τῆς
1103 3505 1160 3568 do-

75 3603 191 3690 ναῖμεας
218 3609 317 3678 αὐτοῦ
344 3613 435 3702 Epis.
458 3613 523 3678 111:
548 3617 567 3676 7
592 3612 656 3676 rim
674 3609 877 3697 intelligimus
900 3612 1046 3676 infinitivi
1065 3607 1158 3677 δυ’να·

74 3725 150 3787 σθαι
178 3723 358 3788 Articulum
386 3731 443 3793 τοῦ
463 3727 634 3815 sequentis:
659 3747 721 3812 quo
741 3723 780 3788 de
802 3723 927 3789 dicendi
950 3747 1062 3813 genere
1088 3745 1159 3786 mo-

74 3833 198 3901 nuimus
223 3859 350 3924 quoque
369 3838 408 3904 ad
427 3863 494 3926 cap.
514 3841 577 3904 lII:
605 3843 656 3906 10.
687 3837 875 3904 Particulam
893 3849 1002 3904 autem
1015 3835 1067 3902 καί
1084 3857 1159 3899 oon·
1195 3891 1198 3900 .

73 3970 185 4014 neuros
207 3961 294 4015 recte
315 3951 358 4017 sie
383 3953 523 4038 exponit:
550 3975 614 4017 non
636 3951 729 4017 modo
751 3955 916 4040 conforme
931 3957 1053 4039 faeere
1076 3971 1157 4014 eor-

166 4133 168 4140 ¹
210 4147 214 4158 ι

106 4208 143 4276 (1)
166 4213 226 4262 Loci
254 4213 342 4262 similes
366 4223 422 4262 sunt
444 4215 461 4260 Β
481 4213 537 4263 Cor.
557 4214 628 4264 Vill:
651 4215 691 4262 19.
723 4218 735 4261 1
759 4216 843 4266 wiese
863 4211 911 4259 ill:
932 4209 965 4258 1³
983 4219 1005 4256 ‘l
1024 4208 1082 4278 till,
1101 4226 1161 4279 quot

71 4299 143 4353 attoli
161 4305 188 4354 iu
206 4307 301 4355 Annot.
319 4322 343 4372 p.
362 4308 421 4372 ²21,
441 4307 500 4355 222.
519 4305 652 4356 onerose
672 4305 701 4353 ad
720 4304 744 4353 h.
765 4304 782 4353 l.
