2818 5032
415 369 484 413 car.
508 347 561 415 IV.
583 367 670 412 vans.
694 345 757 424 13,
783 351 836 412 14.
1097 347 1161 413 aot

96 529 192 617 ιαμόω
215 531 285 601 eat
303 533 337 597 lt
366 535 404 597 11
426 532 534 599 eadem
553 532 593 598 de
613 531 793 598 efficacitate
812 531 873 596 iam
893 528 969 606 dici,
990 547 1094 616 nequo
1107 527 1166 614 tte

93 645 263 731 permittere
293 646 467 712 houomen
495 671 551 731 pe,
582 657 619 710 ut
646 641 828 740 significatio
859 641 1017 732 augeatur.
1071 643 1166 724 Quae·

94 779 160 825 cum
181 760 224 825 ita
243 759 318 838 sint,
341 781 445 826 seusus
463 759 606 826 orationis
625 757 677 824 bic
696 779 760 824 esse
776 757 918 834 ridetur:
935 754 1056 822 Omnia
1077 754 1159 844 (ma-

92 869 228 961 morate)
248 873 341 938 valeo
361 875 686 954 communicandae,
705 875 765 960 qni
782 893 833 936 me
853 869 1055 950 corroborat.
1093 871 1160 934 Iam

90 985 113 1048 si
143 985 210 1072 quis
244 997 350 1096 rogat,
383 1009 480 1074 quare
510 1009 626 1052 esurus
655 983 736 1051 hano
758 983 939 1048 sententiam
962 982 1160 1068 praecedenti

15 1167 17 1174 ,
90 1096 314 1176 adiunxerit,
304 1121 340 1164 ιιι
370 1111 495 1184 promtu
526 1111 588 1178 est,
618 1099 702 1188 quod
725 1097 953 1184 respondeatur.
1002 1096 1159 1160 Nimirum

89 1211 304 1296 experientiam
333 1223 397 1277 tam
419 1213 582 1280 saturitatis
605 1225 645 1278 et
655 1213 760 1291 famis,
784 1233 878 1299 quam
900 1209 1110 1276 abundantiae
1130 1219 1162 1273 et

86 1325 232 1408 penuriae
253 1324 314 1388 eibi
334 1347 397 1390 uon
419 1323 553 1393 habebat
573 1327 746 1414 propriam,
768 1322 861 1395 sed
844 1345 918 1391 cnm
935 1322 1001 1389 aliis
1017 1304 1159 1386 commu·

87 1458 165 1504 nem.
210 1439 307 1524 Atqui
338 1459 458 1518 omues,
494 1451 647 1528 quotquot
677 1440 759 1512 hanc
787 1437 902 1504 variam
935 1434 1052 1522 experti
1073 1443 1164 1499 erant

86 1549 254 1629 lor-tunam,
287 1561 402 1616 tautam
431 1571 504 1618 oum
526 1573 562 1619 ea
583 1553 820 1620 familiaritatem
841 1546 1160 1628 nonfconttaxeraut,
1236 1567 1242 1593 ι

86 1671 119 1724 ut
148 1663 243 1728 rebus
266 1661 514 1756 =quibuscunque
542 1666 623 1730 bene
650 1676 821 1732 uterentur.
874 1662 1036 1751 Apostolus
1064 1659 1160 1748 igitur
1276 1691 1283 1706 ·

84 1793 166 1840 nuno
187 1775 335 1862 proponit
357 1799 497 1856 causam,
522 1801 579 1845 cur
601 1778 661 1843 hoc
683 1779 742 1843 s'ihi
763 1777 944 1865 contigerit,
968 1797 1000 1842 se
1021 1773 1082 1840 hoc
1101 1771 1159 1838 de-

9 1935 10 1940 ,
82 1885 153 1950 bere
174 1889 261 1954 aiens
284 1891 494 1957 communioni
518 1913 661 1968 currem,
685 1908 786 1978 aquo
809 1891 1035 1956 corroboretur.
1125 1900 1127 1906 ’

541 2188 624 2229 vans.
655 2167 704 2227 14

122 2341 368 2406 Paunusanimr
273 2341 438 2406 ammisni
461 2343 709 2429 aequabilitatem
732 2323 1008 2430 Philipponidus
1027 2339 1161 2424 explica-

80 2452 275 2519 veraculi
303 2475 375 2518 vero
409 2476 469 2530 nc,
497 2455 531 2518 in
564 2453 739 2539 opinionem
768 2453 906 2532 inducti,
929 2453 1047 2518 donum
1069 2473 1160 2516 suum

76 2567 180 2634 minus
197 2579 334 2655 «gratum
350 2569 463 2646 fuisse,
487 2566 694 2634 offensionem
707 2566 782 2632 iude
803 2578 964 2653 caperent,
988 2566 1030 2630 ab'
1051 2585 1161 2630 excur-

77 2703 112 2746 su
144 2683 242 2749 rediit
274 2683 436 2768 Apostolus
468 2682 508 2748 ad
536 2682 759 2748 liberalitatem
775 2703 884 2746 eorum
911 2679 1159 2768 praedicandam

76 2797 186 2883 Πλὴν,
208 2797 270 2874 ait,
293 2780 393 2876 καλῶς
413 2793 573 2884 ἐποιήσατε
595 2793 882 2884 σιιγκοινωνήσαντές
896 2821 957 2880 μου
980 2799 1022 2886 ’τῇ
1042 2793 1162 2876 &lidan
1221 2850 1224 2867 ,

73 2905 261 2974 Formulam
281 2913 382 2986 καλῶς
402 2917 496 2976 ποιεῖν
515 2911 596 2977 inter
615 2913 749 2977 Graecos
770 2909 874 2976 tritam
893 2931 951 2974 nec
962 2905 1159 2993 scriptoribus

71 3020 149 3085 Novi
168 3022 390 3098 Testamenti
380 3021 557 3089 rnutitatam
575 3025 666 3090 luisse
684 3018 723 3090 ad
740 3022 978 3110 significandum
996 3029 1083 3088 recte
1098 3018 1159 3104 fe·
1200 3095 1206 3110 ὁ

69 3155 162 3242 cere,
196 3133 316 3200 docent
344 3132 456 3202 Mare
484 3137 558 3203 Vll:
584 3140 637 3202 37
673 3136 745 3203 Act.
770 3139 816 3201 X:
836 3142 878 3203 33
892 3135 1004 3222 ibique
1021 3155 1162 3200 ororrns

72 3235 102 3310 et
130 3269 305 3316 annaeus
349 3249 432 3336 Ergo
461 3249 580 3335 priora,
616 3270 697 3341 quae
725 3248 828 3332 hoc
818 3271 852 3316 ur
876 3267 966 3312 versu
976 3248 1155 3334 l,eguntnr

70 3358 204 3439 dicum:
233 3359 470 3428 Verumtamen
487 3371 574 3428 recte
585 3362 732 3454 fecistis.
772 3361 943 3428 Posteriora
962 3381 1036 3424 vero
1053 3381 1158 3426 ansam
1282 3409 1288 3424 ,

61 3473 233 3558 praebent
257 3473 441 3559 disputandi.
493 3475 646 3541 Nimirum
677 3495 784 3544 vocem
816 3477 926 3560 talpae
953 3473 1038 3542 haud
1068 3474 1161 3560 pauci

62 3590 260 3674 poma-iam
290 3588 429 3674 Apostoli
455 3603 594 3676 spectare
620 3601 745 3677 putant,
774 3589 821 3654 nti
851 3594 871 3654 2
904 3588 983 3656 Gor.
995 3589 1093 3657 VIII:
1117 3589 1158 3652 13

61 3705 262 3788 perterrere
289 3700 545 3770 caimetarum.
590 3703 652 3768 Sed
679 3702 826 3792 quoniam
853 3725 890 3768 ea
909 3703 964 3767 illo
985 3712 1105 3768 tantum
1124 3700 1159 3764 in

69 3814 162 3893 loco,
188 3813 252 3880 ubi
274 3815 411 3900 opposita
433 3827 477 3880 cst
498 3817 567 3881 roci
589 3814 701 3897 ἄνεσις,
726 3814 789 3882 huc
811 3827 941 3902 spectat,
962 3813 1065 3881 sedin
1087 3813 1159 3898 ple-

67 3929 184 4016 risque
221 3928 382 3993 notionem
408 3930 584 4016 generalem
602 3929 694 3996 habet
714 3947 1035 3996 aernmnoecunmrr
1057 3945 1161 3992 cottae

9 4117 11 4122 ι
69 4041 255 4130 r'nfle‘etae,
270 4041 416 4128 equidem
437 4039 518 4106 hanc
531 4039 690 4120 notionem
710 4043 799 4112 alteri
819 4039 1162 4130 praeferendamduco.
1185 4123 1187 4128 Ι

65 4152 302 4221 Dubitandum
322 4176 448 4243 quoque
468 4155 605 4234 ridetur,
628 4179 668 4224 an
690 4179 845 4224 racrruea
869 4179 901 4227 so
920 4156 1085 4239 impetrare
1105 4175 1176 4246 po-v

67 4269 196 4346 tuerit,
237 4278 273 4332 ut
296 4291 391 4334 suem
409 4272 606 4358 penum‘am,
639 4271 688 4335 vel
710 4271 873 4348 alibi,·vel
891 4267 950 4334 bac
964 4268 1003 4333 -in
1025 4255 1173 4333 oratione

916 4387 991 4448 20*
