2808 5032
396 389 463 433 cnr.
486 369 540 436 IV.
564 388 650 432 vrrs.
675 373 705 430 2.
1033 369 1099 432 269

45 556 74 620 sit
89 555 359 639 interpretationem
379 573 567 618 ououunrur:
589 546 662 640 ὅπερ
680 555 736 618 νῦν
755 557 901 639 φρονοῦσι
920 552 1099 638 similesque

44 670 164 732 refutare.
208 668 271 731 Nec
301 689 351 730 me
379 687 513 732 nnnvrru
544 677 646 729 moret
668 665 849 743 auctoritas,
873 665 928 730 ubi
949 665 1097 729 leviorem
1179 655 1203 666 '⁴

44 780 105 844 dioit
131 779 351 879 nomenogium,
383 769 563 863 Apostolum
593 777 707 842 dissidii
728 777 804 863 quid
828 779 909 842 inter
932 763 1098 878 utramque

44 913 206 977 componere
242 891 380 956 voluisse.
425 892 504 955 Nam
531 887 609 953 mihi
636 890 820 975 persuadere
854 913 993 977 nequeo,
1025 913 1097 955 eum

43 1005 104 1070 haec
121 1005 308 1090 moniturum
329 1005 437 1082 fuisse,
461 979 520 1068 nisi
537 1003 683 1070 mulieres
705 1004 905 1092 corrigendae
928 1016 1096 1068 essentne-

43 1141 100 1180 ourn
126 1119 254 1184 iancem
282 1141 404 1194 revera,
433 1129 469 1182 ut
495 1117 645 1181 sententia
678 1117 743 1182 fere
774 1117 947 1182 communis
979 1127 1040 1194 est,
1063 1101 1098 1179 in'

42 1230 168 1297 discordia
194 1233 338 1298 viventes.
384 1233 422 1294 Et
447 1213 535 1316 quid
552 1219 729 1296 credibilius
752 1241 815 1308 est,
840 1251 935 1316 quam
957 1229 1040 1294 hanc
1061 1229 1099 1292 il-

43 1343 124 1408 larum
154 1345 337 1411 discordiam
367 1344 474 1409 eadem
506 1366 542 1408 ex
570 1331 738 1440 ambitione
771 1355 801 1406 et
827 1343 971 1428 superbia
993 1343 1100 1428 prole-
1152 1427 1154 1430 Ι

44 1465 108 1520 ctam
128 1479 222 1540 ¹esse,
250 1455 331 1546 quae
362 1479 469 1542 supra,
495 1457 570 1544 Gap.
597 1457 629 1519 ΙΙ
641 1480 647 1519 :
673 1461 714 1535 3,
735 1459 776 1533 Ι4,
801 1445 1099 1542 reprehenduntur?

43 1568 126 1633 Verbo
152 1582 254 1653 autem
279 1574 446 1656 παρακαλῶ
465 1569 628 1654 Apostolus
648 1569 687 1632 de
705 1569 854 1635 industria
872 1569 919 1634 bie
940 1593 1013 1634 usus
1035 1581 1099 1646 est,

10 1671 11 1674 ¹
42 1691 69 1743 ut
84 1693 237 1770 utramque
257 1685 373 1769 pariter
397 1679 430 1746 in
453 1681 545 1767 culpa
565 1703 629 1745 esse
654 1681 840 1769 significaret
860 1673 934 1771 (1)?
978 1682 1040 1746 Sed
1057 1683 1101 1747 ita

43 1794 180 1860 scribendo
203 1796 297 1860 simul
318 1794 479 1873 indicarit,
496 1783 637 1861 Verbum
655 1793 747 1871 illud,
773 1816 845 1858 cum
861 1793 957 1879 priori
978 1794 1011 1858 in
1031 1795 1100 1858 loco
1167 1834 1168 1838 =

43 1905 88 1969 sibi
113 1921 240 1988 constet,
263 1910 298 1974 in
324 1908 490 1998 posteriori
510 1907 759 1972 connectendum
778 1929 931 1973 nonense
953 1929 1027 1973 oum
1050 1929 1101 1971 se-

44 2022 186 2104 quentibus
206 2027 240 2092 ἓν
258 2024 374 2115 Κυρίῳ.
416 2020 523 2103 Quod,
540 2031 583 2092 ,ut
600 2043 695 2099 orzi,
719 2043 888 2101 cenninus,
909 2004 1100 2112 nnnrnsfieri
1181 2085 1182 2089 ,

43 2151 118 2214 posse.
131 2137 336 2214 contendunt,
367 2136 411 2200 sic
429 2136 541 2199 frustra
564 2124 715 2198 sronnrus
742 2136 874 2220 probare
904 2147 1034 2202 conatur
1064 2157 1101 2198 ex

44 2242 119 2313 Ilom.
149 2251 235 2319 XVI:
269 2255 323 2317 22.
359 2255 374 2314 1
403 2249 479 2318 Gor.
499 2249 570 2314 XV:
594 2252 659 2313 58.
693 2247 762 2314 lllio
782 2250 874 2314 enim
896 2251 992 2313 oratio
1013 2249 1101 2312 valde
1172 2294 1176 2302 -

43 2357 172 2428 dissimilis
203 2365 334 2453 legitur3
368 2362 421 2429 hic
443 2385 516 2427 vero
541 2362 628 2426 nulla
650 2384 741 2428 cause
767 2374 827 2440 est,
850 2385 907 2427 cur
928 2363 1023 2448 vulgo
1046 2360 1100 2425 In-

44 2480 169 2558 terpretes
198 2491 353 2564 postrema
382 2479 416 2542 ἒν
434 2476 543 2566 Καρίῳ
567 2499 585 2540 a
608 2476 748 2560 proxime
766 2475 1021 2561 praecedentibus
1048 2461 1105 2539 oriri
1206 2512 1209 2516 ·

22 2617 25 2624 ⁴
44 2580 93 2650 ἔστι
113 2588 188 2668 κενός
216 2591 351 2658 avellant
375 2601 406 2654 et
433 2588 471 2654 ad
501 2589 665 2656 remotiora
690 2585 736 2658 du
757 2591 774 2656 ὁ
794 2587 885 2667 κόπος
907 2589 997 2672 ὑμῶν
1026 2589 1076 2652 rel
1091 2623 1106 2636 -

44 2709 114 2776 rant,
145 2725 216 2768 curn
246 2706 344 2770 altera
374 2713 528 2776 structura
557 2701 643 2768 hunc
671 2725 794 2788 sensum
813 2702 939 2767 ‚efficiat
964 2703 1104 2766 bonum:

44 2807 166 2880 latorem
196 2825 341 2884 cestriam
371 2839 599 2881 aerumnosum
616 2819 783 2905 praemiis
814 2819 884 2880 sues
907 2837 969 2880 non
990 2835 1107 2879 carere

44 2921 70 2982 io
91 2935 303 2997 communione
331 2929 476 3007 Domini.
523 2909 610 3012 Quae
646 2951 720 2994 cum
744 2929 786 2994 ita
813 2929 889 3006 sint,
912 2929 1004 2993 verba
1025 2925 1107 2992 Εὐα-

45 3035 100 3102 tr'nr
129 3053 185 3108 oet.
218 3068 284 3111 non
314 3067 422 3140 rereer
454 3044 666 3130 interpretari:
694 3065 837 3108 uuonmrr
860 3052 892 3108 et
916 3050 1106 3108 srnrronnn

39 3154 159 3230 puriter
181 3159 361 3242 adhortor,
380 3167 435 3222 ut
457 3159 583 3240 eodem,
618 3157 784 3246 quidquid
812 3167 954 3247 agatur,
981 3157 1108 3222 docan-

44 3265 89 3323 tor
109 3271 214 3346 studeo
234 3277 270 3337 in
300 3274 518 3348 communione
536 3270 674 3336 Domini
693 3270 850 3335 habenda.
899 3271 983 3336 Haeo
1003 3285 1108 3338 autem

43 3386 178 3452 Postrema
209 3386 320 3450 ceteris
349 3385 513 3471 Apostolus
543 3384 734 3463 nonsolum
765 3383 869 3448 adiicit
888 3385 928 3450 ad
948 3409 1108 3452 common·
1200 3425 1202 3428 ·
1255 3375 1259 3382 ¹

43 3490 200 3576 strandum,
235 3497 362 3587 qualem
390 3497 437 3563 his
464 3497 647 3562 mulieribus
675 3497 864 3595 praescribat
888 3500 1086 3566 concordiam

42 3598 188 3676 sedetiam
210 3613 319 3679 adeas
339 3613 438 3680 laudis
456 3612 582 3682 stimulo
602 3611 783 3678 excitandas.
814 3692 818 3700 Ι

45 3736 270 3774 *fia—...q-

68 3825 99 3893 (ll
119 3833 224 3886 Etruros
240 3839 301 3888 hane
318 3837 491 3906 Anodiplorr'n
508 3839 587 3890 dicit:
606 3840 648 3890 sed
665 3839 788 3889 dissimilis
804 3841 870 3891 illins
887 3843 976 3909 figurae
993 3853 1048 3892 sunt
1065 3861 1108 3892 ex·
1127 3829 1141 3840 ἢ

40 3920 119 3988 tuph,
142 3911 201 3994 (puae
228 3931 313 3982 attulit
330 3945 448 4010 nonestus,
467 3933 533 3982 Tora.
549 3934 571 3982 1.
589 3950 616 4000 p.
635 3934 719 3994 13³0,
737 3920 820 3984 1³31.
850 3935 915 3984 Nihil
932 3912 1108 3986 convenientius
1135 3977 1138 3984 .

40 4012 81 4062 ridi
96 4034 163 4085 quarn
180 4022 271 4074 dictum
288 4038 392 4074 loretto
410 4025 472 4092 apud
489 4039 589 4090 punctu.
608 4029 678 4092 pr.
694 4027 745 4076 tib.
763 4029 795 4077 11.
814 4046 865 4096 cap.
885 4030 915 4078 7:
934 4031 1107 4098 ΕἶςΣυρίαν

39 4101 141 4175 dmm,
161 4117 251 4186 δῶρον
269 4120 391 4171 dorsera
407 4129 442 4188 τῇ
457 4121 585 4180 Mirarer,
600 4121 650 4170 nol.
662 4124 702 4179 εἰς
720 4131 818 4190 χεῖρας
835 4127 881 4190 τῆς
899 4121 1108 4190 ζηλαταπαὺσης

40 4195 142 4272 drapo„
160 4209 224 4288 quod
241 4213 293 4264 VV.
303 4213 351 4262 ott.
365 4215 416 4262 sine
432 4231 498 4264 eausa
513 4213 680 4266 sollicitarunt.
696 4215 757 4265 Vide
777 4225 887 4266 annotata
902 4213 963 4264 ibid.
979 4232 1004 4282 p.
1020 4215 1071 4264 276
1082 4225 1106 4264 et

41 4291 83 4344 ³72
99 4309 121 4347 et
138 4302 168 4352 et.
187 4315 286 4354 ruam.
304 4321 328 4372 p.
348 4309 409 4356 222.
