2808 5032
252 346 317 408 264
627 365 695 409 css.
718 345 773 410 ΠΙ.
798 367 883 410 usur.
909 349 962 409 21.

243 551 313 618 pus
341 538 492 593 nostrum
524 551 591 594 suo.
638 531 721 616 Ergo
741 530 808 596 eliis
826 531 927 594 verbis
944 531 1107 614 Apostolus
1126 529 1185 593 nit:
1200 534 1318 620 ‚quippe

249 645 310 732 qui
340 643 526 730 potentium
560 641 655 706 habet
686 642 752 706 sibi
782 641 979 708 subsistendi
1006 644 1130 724 munia,
1159 649 1255 730 atque
1279 648 1318 707 sie

249 753 381 844 quidem
403 754 463 818 hoe
482 753 608 842 efficere
620 761 744 842 potest.
790 754 919 820 silentio
937 765 1042 820 temen
1061 754 1229 839 praeterire
1247 757 1317 832 nolo,

248 867 344 932 libros
372 887 504 954 magnae
531 847 718 932 auctoritatis
746 888 804 952 pro
828 879 953 954 recepto
976 867 1078 958 ἑαυτῷ
1096 867 1210 932 habere
1229 869 1318 958 αὐτῷ,

248 981 299 1044 vel
331 979 433 1065 potius
465 977 565 1070 αὐτῷ,
595 978 679 1066 quod
707 991 830 1066 praeter
859 981 934 1046 elios
955 981 1094 1066 probarit
1114 1002 1318 1063 usrnnrnsms.

247 1092 322 1160 Mihi
344 1115 417 1157 vero
434 1090 576 1156 hemines
587 1093 763 1158 Pronumen
781 1095 990 1178 Reciprocum
1007 1094 1042 1158 in
1053 1093 1318 1160 Demonstmtivum

249 1218 383 1272 mutasse
413 1204 571 1284 ridentur,
603 1228 666 1292 quo
697 1205 897 1271 commodius
915 1205 1034 1272 dictum
1054 1229 1146 1272 mum
1168 1207 1207 1272 ad
1228 1207 1319 1278 Deum

249 1320 389 1388 Patrem
420 1319 597 1384 referretur.
644 1318 737 1400 Quod
767 1318 840 1405 ipsis
866 1315 944 1384 adeo
969 1317 1174 1398 Orthodoxis,·
1201 1320 1255 1406 qui
1268 1318 1319 1400 -di7

251 1445 383 1510 cuntur,
406 1431 575 1518 placuisse,
598 1453 639 1496 ne
662 1453 812 1498 ensrsnus
832 1431 1036 1510 divideretur,
1060 1453 1255 1502 omnnnmus
1270 1453 1320 1497 no·

247 1547 295 1614 bis
327 1546 505 1612 luculentus
531 1546 613 1610 testis
636 1555 691 1612 est.
737 1546 776 1610 Et
805 1567 878 1610 sene
904 1543 979 1610 huie
1006 1544 1267 1631 interpretationi,
1291 1555 1319 1608 ut

251 1687 325 1732 usus
354 1661 436 1728 vocis
463 1664 594 1749 ἐνέργεια
624 1660 658 1726 in
685 1661 771 1726 Novo
796 1663 1006 1739 Testamento,
1028 1659 1073 1725 ita
1096 1670 1125 1724 et
1144 1657 1318 1744 comparetis

181 1819 185 1832 »
247 1779 329 1842 iuvet
361 1777 503 1844 locorum
527 1774 677 1838 similium
700 1780 716 1840 1
742 1774 818 1844 Cor.
851 1775 924 1862 XV:
947 1777 1001 1852 27,
1026 1771 1196 1862 28‚,Ept.
1220 1773 1251 1836 1:
1274 1774 1316 1836 22.

248 1891 348 1957 Hebr.
382 1891 431 1956 H:
464 1895 502 1961 ὅ.
535 1893 567 1956 8.
601 1887 715 1956 spec.
739 1888 801 1954 111:
825 1892 878 1955 22.
923 1887 986 1952 Sed
1007 1887 1056 1952 vel
1076 1886 1120 1972 sie
1144 1885 1266 1972 quidem
1286 1883 1317 1948 ad

252 2026 321 2072 eam
343 2002 539 2070 refutandam
556 2001 698 2068 sufficere
715 2012 791 2088 puto
809 2000 899 2088 ¹quod
922 1999 1042 2086 scripsit
1057 2013 1315 2064 rnnonnrmurns:

249 2109 481 2187 ’Λνακόλονθόν
501 2115 574 2178 ἐστι·
595 2109 633 2178 ου’
650 2110 709 2201 γάρ
724 2109 807 2180 εἶπεν
826 2107 891 2180 iisw
911 2111 1052 2197 περὶτοῦ
1070 2106 1202 2198 Πατρός.
