2808 5032
232 383 233 388 ’
289 371 352 432 252
621 363 688 432 oar.
713 365 766 432 ΙΙΙ.
796 389 881 433 tuns.
909 371 964 446 15,
993 372 1042 434 16.

288 562 349 616 est:
374 556 418 642 τῷ
445 551 530 644 αὐτῷ
557 560 686 637 στοιχεῖν
707 549 822 634 κανόνι,
845 551 881 619 τό
904 551 979 618 oiri
1000 559 1126 639 φρονεῖν.
1172 553 1281 619 Vocem
1301 579 1340 619 κα-

285 646 348 732 νόνι
368 662 451 729 baud
468 664 560 750 ponci
579 665 715 731 oratione
733 665 905 752 expellunt,
929 685 984 750 pro
1004 685 1107 750 parmo
1127 687 1195 729 eam
1207 663 1340 740 babentes,

287 799 381 866 quem
402 777 567 842 sumserint
584 778 769 854 Librariiex
794 777 869 844 Gal.
891 779 949 845 Vl:
973 783 1022 845 16.
1047 779 1118 842 Pars
1141 779 1233 842 etiam
1253 779 1341 842 admo

286 891 436 955 uitionem
469 889 507 954 od
535 891 664 958 eandem
699 892 838 978 regulam
864 889 986 955 vivendi
1011 889 1103 954 buius
1134 890 1195 956 loci
1218 913 1277 956 nou
1294 913 1342 954 esso

286 1003 404 1069 dicunt.
450 1005 488 1068 Et
515 1003 622 1069 suadet
650 1004 799 1070 Codieuin
818 1005 1010 1069 Graecorum
1031 1004 1101 1068 satis
1120 1025 1233 1092 magna
1255 1006 1342 1090 eopia,

287 1127 321 1180 ut
339 1116 392 1181 illa
414 1116 578 1183 reiiciatur.
597 1113 719 1182 Rursus
737 1139 812 1182 vero
835 1137 904 1182 eam
922 1095 952 1182 et
964 1117 1089 1181 Patruus
1100 1117 1310 1206 Graecorum(
1328 1115 1345 1204 )‚
1391 1134 1392 1214 p

285 1240 316 1294 et
337 1231 406 1316 Syri
426 1231 620 1318 aliorumque
648 1233 855 1316 Interpretum
876 1231 1025 1298 Veterum
1060 1240 1164 1296 tuetur
1191 1231 1345 1297 auctoritas.

284 1345 392 1430 Neque
410 1343 592 1408 incredibile
612 1355 672 1421 est,
696 1344 865 1418 orationem
889 1343 1062 1408 mutilatam
1084 1362 1148 1408 esse
1168 1344 1210 1407 ab
1228 1343 1346 1408 bomini-

284 1457 358 1532 bus,
383 1456 438 1542 qrri
455 1456 659 1521 Masouliuum
677 1455 777 1524 κανόνι
797 1477 870 1521 cum
889 1457 1005 1520 Neutro
1022 1446 1041 1522 ὅ
1058 1465 1200 1542 constare
1216 1477 1278 1520 non
1292 1477 1345 1540 poe

173 1616 194 1640 ,,
285 1591 316 1633 se
338 1569 548 1653 opinarentur.
593 1541 654 1634 bed
671 1570 695 1632 si
717 1589 790 1634 oum
811 1589 1015 1646 wrrsrarro,
1038 1589 1229 1647 utronno,
1251 1591 1345 1634 sonor-

207 1688 209 1694 '
284 1703 351 1759 aro,
382 1701 580 1748 oonsouunro
607 1682 757 1746 retinetur
786 1681 871 1768 quod
901 1683 994 1769 vulgo
1015 1680 1133 1746 editum
1156 1692 1221 1760 est,
1246 1675 1347 1769 illudi
1392 1741 1393 1764 χ

281 1796 321 1861 od
340 1795 480 1864 Verbum
507 1803 638 1880 στοιχεῖν
658 1795 768 1859 referri
787 1794 893 1873 debet,
919 1806 952 1858 ut
977 1796 1190 1880 interpretatio
1209 1793 1283 1860 haee
1304 1796 1344 1857 sit:

289 1907 460 1997 Quidquid
478 1931 555 1974 vero
568 1909 727 1996 fleturum
756 1917 823 1994 est,
846 1907 895 1974 od
921 1909 1055 1974 eandem
1077 1909 1233 1998 regulam
1254 1911 1346 1972 οιίονι

283 2030 380 2110 atque
403 2024 453 2085 ita
474 2041 675 2110 permanere
698 2025 734 2085 ιἰι
752 2045 804 2104 eo,
836 2045 899 2110 quo
915 2025 1100 2110 progressi
1118 2044 1239 2088 οιινιαο.
1282 2022 1345 2084 Pro

283 2136 352 2200 bata
373 2145 477 2200 autem
498 2155 574 2199 voce
595 2122 694 2192 κανόνι
717 2136 765 2198 vix
785 2134 885 2199 omitti
907 2146 1032 2220 possunt
1049 2135 1209 2221 sequentia
1227 2133 1261 2201 τό
1284 2131 1345 2199 stet

281 2256 402 2337 φρονεῖν
430 2248 538 2314 codem
564 2247 674 2314 studio
699 2248 793 2338 duci.¹
830 2249 1041 2334 Quapropter,
1065 2249 1090 2312 si
1110 2247 1210 2312 aliena
1231 2245 1290 2310 buc
1307 2243 1344 2308 al-

282 2363 342 2427 tato
371 2362 446 2440 sint,
470 2362 546 2428 duos
571 2361 663 2426 fuisse
681 2372 757 2448 puto
780 2359 936 2440 honrines,
961 2383 1095 2448 quorum
1117 2361 1195 2426 alter
1215 2359 1344 2426 adiiceret

178 2525 184 2534 .
281 2471 396 2553 κανόνι,
426 2476 502 2540 alter
531 2473 567 2542 τό
597 2472 673 2542 oriri
701 2481 838 2561 φρονεῖν,
870 2473 1036 2538 formulam
1067 2495 1180 2560 nempe
1211 2478 1256 2566 τῷ
1277 2471 1344 2558 αὐτῷ

281 2594 410 2673 στοιχεῖν
441 2583 560 2667 κανόνι,
581 2609 654 2654 cum
675 2608 742 2652 earu
758 2587 792 2650 in
816 2586 956 2672 exemplo
974 2608 1029 2652 suo
1051 2587 1183 2673 legeret,
1206 2585 1343 2672 explican-

281 2699 353 2764 dam
371 2701 487 2793 ducens
507 2725 542 2768 er
562 2723 631 2787 cap.
647 2701 686 2765 11:
697 2705 728 2767 2.
752 2701 832 2766 Fieri
848 2711 1069 2786 tamenpotest,
1081 2695 1342 2764 utbaecverburel
1394 2755 1395 2790 ,

243 2893 256 2920 ἱ
282 2814 458 2880 abibrariis
476 2815 690 2900 praetermissa
706 2815 786 2895 sint,
811 2814 882 2900 qui,
906 2814 1050 2880 Codioem
1071 2813 1154 2878 nacti
1166 2835 1243 2880 voce
1261 2804 1343 2877 κανόνι
1394 2817 1395 2820 ’

214 2971 215 2976 1
282 2940 451 3007 carentem,
476 2951 520 2996 ea·
540 2927 643 2992 miuus
670 2925 899 2992 accommodata
922 2925 1110 3004 iudicarent,
1133 2925 1183 2989 vel
1209 2925 1249 2990 ab
1273 2921 1342 2992 atis,

281 3061 460 3124 persuasum
483 3040 541 3104 sibi
561 3037 746 3104 habentibus
765 3061 828 3104 uon
848 3039 1004 3124 repetiisse
1025 3061 1167 3116 rsuuurr,
1191 3036 1342 3130 quodiam

281 3153 376 3218 semel
395 3145 569 3240 scripsisset.
616 3152 764 3218 Paueiora
783 3162 866 3217 certe
885 3152 921 3217 iis
939 3175 1033 3238 quam
1057 3152 1126 3217 roci
1143 3148 1245 3218 κανόνι
1262 3145 1343 3216 vae

273 3264 349 3330 'rum
369 3265 490 3330 obstant
510 3264 693 3330 testimonia.
739 3263 899 3345 Ceterum,
926 3287 1006 3352 quae
1027 3265 1153 3351 praebet
1172 3263 1271 3328 Editio
1288 3261 1343 3323 ue

281 3391 385 3463 cepta,
406 3401 480 3444 cum
499 3378 635 3444 studium
656 3387 794 3462 spectent
811 3377 931 3463 pietatis
954 3389 983 3441 et
1004 3378 1139 3453 virtutis,
1164 3378 1259 3440 levius
1277 3393 1342 3437 non-

164 3485 170 3498 '
281 3489 360 3553 nulli
381 3491 493 3567 aiunt,
506 3483 540 3555 ea
559 3489 598 3554 ab
620 3487 712 3554 buius
730 3491 874 3556 orationis
892 3502 1076 3578 argumento
1094 3489 1194 3555 aliena
1208 3511 1274 3554 esse.
1293 3481 1342 3548 sed

235 3669 239 3676 ,
279 3600 363 3666 baud
395 3602 497 3666 miuus
521 3589 669 3668 idoneum
691 3615 735 3668 est
756 3615 875 3668 tautum
898 3605 1001 3692 legere
1025 3611 1069 3696 τῷ
1097 3605 1181 3694 αὐτῷ
1210 3608 1343 3686 στοιχεῖν,

281 3727 312 3780 et
334 3737 460 3780 ruouou
478 3715 719 3800 praecipientem
742 3718 866 3782 iaceret·
882 3721 1108 3786 convenienter
1126 3723 1174 3797 ei,
1197 3735 1343 3808 quopro-

276 3828 396 3918 gressi
430 3849 562 3906 sumus,
584 3830 781 3918 procedere,
802 3828 842 3895 ‘id
868 3842 935 3894 est:
963 3853 1187 3921 progressus,
1218 3852 1293 3919 quos
1314 3828 1343 3887 itt

280 3943 389 4008 otudtb
412 3944 557 4032 pietatis
589 3950 621 4006 et
643 3945 782 4006 virtutos
806 3944 969 4034 fecimus,
1002 3965 1149 4008 normam
1188 3943 1300 4008 habere
1320 3941 1343 3998 tt

386 4110 498 4118 -..n-,mv-

314 4193 352 4265 (l)
368 4199 443 4248 Etiam
462 4199 660 4265 Pseudoaspoot.
678 4201 728 4266 Ep.
747 4203 780 4250 od
799 4203 912 4272 Pttttpp.
933 4221 984 4271 cap.
1003 4208 1031 4272 t,
1050 4205 1091 4254 ubi
1109 4205 1207 4270 legimus
1224 4205 1263 4270 τῷ
1281 4198 1345 4260 atet

282 4291 374 4341 κανόνι
393 4297 440 4358 τῆς
459 4296 576 4353 πίστεως
594 4295 785 4360 στοιχοῦντες,
806 4295 838 4356 ὡς
856 4297 971 4358 Παῦλος
991 4299 1058 4363 tute
1076 4301 1227 4351 transtro,
