2818 5032
479 395 482 402 '
550 385 684 459 masana.
989 341 992 346 ·
1100 393 1165 464 347

525 580 594 641 Pad·
1120 585 1166 646 ³8·

95 666 214 739 Latino,
234 664 316 747 quod
336 666 363 722 ei
377 665 502 724 omnino
626 657 693 729 :u
735 681 886 744 nusquam
915 664 1072 726 redundat.
1098 586 1120 647 P

97 771 289 856 respondeat,
318 771 426 852 exponi
448 791 506 831 ne·
667 766 741 847 Vide
761 767 882 830 ibidem.

98 879 178 961 quit.
201 924 209 938 .
232 925 239 938 .
262 925 269 939 .
293 923 300 938 .
325 923 332 939 .
357 877 365 936 ,⁴
388 924 394 939 .
416 922 423 936 .
446 875 517 952 259,
530 875 599 938 260.
626 859 817 952 Σπὲνδομαι,
837 873 921 936 libor.
941 920 948 934 .
971 921 979 937 .
1003 919 1011 936 .
1037 874 1167 939 ..188

56 984 269 1065 Πραιτωριον,
303 993 401 1042 austra
430 983 508 1042 mili·
618 972 794 1059 §nidmu
820 973 916 1054 τινός,
942 982 1073 1058 oieoero,

66 1090 70 1096 '
98 1100 164 1147 tum
183 1088 458 1172 Praetosiaaorum.
500 1129 509 1148 .
551 1087 600 1149 69.
669 1105 745 1164 quae
778 1087 846 1164 quis
875 1087 938 1166 ipse
970 1086 1073 1164 babet,

56 1194 231 1273 Presbyteri
248 1191 283 1252 in
303 1193 339 1252 N.
362 1193 398 1253 T:
415 1193 508 1254 iidem
670 1211 721 1249 seu
741 1192 939 1252 animusee‘ue
951 1194 1075 1272 penitus
1141 1195 1159 1236 Χ(

100 1309 190 1382 atque
210 1297 357 1382 Episcopi.
397 1343 404 1358 .
429 1343 437 1355 .
458 1343 467 1360 .
487 1299 537 1376 33,
551 1297 600 1360 84.
667 1298 801 1377 affectus.
844 1340 1073 1360 ........
1117 1299 1167 1362 58.

56 1395 306 1487 Προεὼρακότες,
321 1425 384 1464 non
401 1407 456 1484 qui
470 1387 517 1464 ask⁸
628 1395 796 1482 Σπλάγχνο
815 1412 845 1461 et
863 1401 1017 1488 οἰκτιρμοί.
1027 1404 1075 1465 Vi·

101 1511 227 1586 demut,
256 1509 305 1571 sed
336 1511 391 1590 qui
424 1511 511 1570 oide—
668 1507 705 1567 de
725 1505 878 1590 οἰκτιρμοί.
1106 1595 1113 1598 .

78 1626 172 1675 aaa
191 1611 279 1675 autea
282 1659 509 1677 ........
550 1613 600 1677 26.
628 1607 783 1695 Στέφανος
789 1659 800 1690 ,
821 1614 947 1696 figurate
966 1616 1003 1677 de
1020 1615 1075 1679 ho·
1161 1671 1165 1678 .

57 1711 228 1805 Προκοπή,
241 1739 446 1804 progmesus..
468 1765 508 1782 ..
551 1721 601 1782 67.
669 1720 800 1780 minibus
820 1723 944 1782 dictum.
976 1767 1012 1785 ..
1038 1769 1046 1784 .
1069 1765 1077 1784 .
1098 1723 1169 1786 266.

121 1852 137 1885 a
218 1826 381 1903 ‚absoluto
394 1827 431 1886 de
438 1847 509 1907 pro·
629 1822 855 1906 Σογκοινωνέω,
883 1831 920 1888 in
943 1831 1074 1888 societa-

97 1953 204 2017 gaeseu
225 1943 369 2014 perpetuo
391 1934 426 1991 iu
439 1934 508 2012 pie·
670 1942 728 1990 tem
747 1935 844 1994 aenio.
878 1975 1077 1998 .......
1099 1934 1168 1997 308.

100 2050 163 2098 tote
183 2049 212 2098 et
232 2031 352 2099 uirtute.
379 2083 386 2099 .
409 2084 416 2099 .
439 2079 477 2100 ..
504 2086 510 2098 .
534 2038 602 2100 106.
630 2030 832 2117 Συγκοινοονός
851 2039 1002 2122 duplicem
1011 2032 1076 2126 post

56 2145 231 2206 Pronomae
250 2145 418 2226 repetitmn.
439 2189 447 2203 .
471 2190 478 2203 .
503 2189 510 2204 .
552 2143 601 2205 52.
670 2163 699 2202 se
719 2142 808 2206 habet
827 2143 1008 2209 Genitivum.
1038 2191 1077 2207 ..
1120 2147 1170 2210 54.

145 2274 160 2308 a
234 2251 408 2332 ,gravitatis
421 2269 509 2311 eausa
717 2274 731 2305 ο
766 2304 774 2324 ,
846 2253 1006 2312 notionem·
1023 2237 1105 2315 ha·‘

103 2354 508 2439 Substantivopraepositum.
532 2355 602 2417 229.
670 2353 722 2414 bet
739 2355 884 2417 Activam.
915 2401 923 2416 .
948 2403 955 2418 .
977 2400 986 2418 .
1009 2404 1016 2418 .
1039 2405 1047 2420 .
1072 2407 1079 2419 .
1121 2363 1172 2424 55.

144 2485 160 2518 ο
232 2507 241 2536 ,
272 2461 354 2544 quod
382 2464 513 2545 sequitur
632 2455 792 2544 Σογχαίρω
803 2507 812 2537 ,
857 2464 975 2546 gaudeo
1017 2485 1079 2529 uua

101 2565 351 2647 Praepositionem
368 2563 414 2628 ἕν.
437 2567 510 2630 Vide
673 2587 741 2626 oum
759 2567 861 2646 aliquo
865 2613 1082 2631 ........
1105 2569 1172 2633 186.

103 2671 230 2732 Nomen.
632 2663 776 2752 Σῦζογος.
799 2672 885 2733 Varia
904 2675 968 2735 eius
989 2676 1078 2736 inter·

57 2767 232 2861 Προσευχή
260 2777 409 2858 quomodo
428 2777 513 2838 diffe·
672 2757 794 2859 pretatio
800 2823 933 2840 .....
955 2780 1013 2842 271
1025 2804 1089 2866 sqq.
1100 2783 1171 2846 276.

102 2893 181 2942 rata
202 2875 313 2964 δέησις,
325 2883 390 2943 vide
400 2876 511 2965 δέησις.
632 2867 819 2962 Σύμψοχοξ,
840 2887 1006 2947 unanimis.
1040 2935 1046 2948 .
1071 2935 1078 2950 .
1102 2889 1171 2952 128.

59 2988 211 3071 Προῖτος,
245 2988 369 3048 ubinam
389 2993 513 3070 peueai-
632 2987 1012 3065 {aradieimoaiuuatim
1025 2995 1076 3052 ad·
1106 2993 1108 2999 ⁸

97 3115 196 3174 puum
215 3095 342 3156 denotet.
574 3095 603 3155 2.
673 3095 777 3152 iuvare
794 3095 925 3174 aliquem
927 3139 1080 3159 ......
1103 3098 1172 3162 111.

59 3192 226 3282 Πτύρομαι
234 3247 242 3276 ,
253 3215 309 3260 ‘me
329 3207 512 3262 oouetemare'
632 3192 823 3276 Σονὲχεσθαι
839 3198 889 3260 hio
902 3201 993 3262 semel
1007 3225 1081 3263 con-

105 3308 183 3367 sino.
225 3351 419 3368 .......
423 3285 450 3368 ¹.
475 3355 481 3369 .
506 3355 513 3368 .
538 3308 603 3370 112.
672 3303 809 3362 iunctum
859 3297 986 3388 legitus'
1015 3329 1084 3369 cum

62 3413 228 3494 Singulara
247 3411 440 3473 Collectivum
456 3435 510 3497 pro
629 3459 633 3468 .
673 3405 890 3491 praepositione
921 3409 975 3488 ἐκ,
999 3413 1076 3474 ‘alibi
1117 3420 1119 3428 ’

106 3517 221 3578 Plurali
241 3519 375 3600 ponitur.
414 3565 420 3579 .
445 3565 451 3578 .
474 3519 602 3595 64‚315.
672 3536 735 3574 11011
756 3515 826 3575 item
829 3560 1080 3581 ·········
1122 3523 1172 3587 97.

137 3648 153 3681 a
242 3621 403 3707 Partioipii,
422 3625 512 3706 ipsius
637 3619 809 3700 synonymo
844 3621 877 3679 in
917 3623 1081 3712 predonem

106 3731 148 3790 rei
158 3751 256 3806 eausa,
263 3751 333 3790 cum
340 3729 435 3790 Verbo
443 3729 511 3790 Plu·
674 3736 781 3786 temere
799 3727 932 3790 inducta.
959 3731 1019 3814 Ι53,
1041 3733 1097 3809 60,
1118 3734 1174 3812 62,

105 3831 163 3892 rali
184 3834 381 3894 coniunctum
384 3874 515 3897 .....
536 3835 605 3896 218.
1006 3837 1064 3898 153
1074 3885 1083 3915 ,
1103 3839 1174 3901 322.

61 3937 214 4014 leontius
236 3939 398 4020 generatim
419 3941 512 4001 ohser-
636 3937 803 4015 Sanisene,
823 3941 933 4002 mulier
955 3941 1080 4021 Graeca,

108 4067 193 4122 aare,
215 4045 288 4106 hino
308 4049 437 4123 euitare,
459 4047 515 4105 Ιιο-
675 4065 751 4126 quae
771 4029 852 4106 ⁸cum
884 4067 1080 4113 mammona

106 4167 229 4225 uorare,
251 4169 364 4211 aurare.
395 4195 401 4210 .
426 4197 433 4212 .
457 4150 605 4227 135,136.
674 4151 833 4233 Philippos
867 4153 1003 4235 prosecta
1031 4158 1079 4218 vi-

62 4247 134 4320 ΠΨ
154 4253 278 4313 eandem
297 4255 451 4315 notionem
460 4253 512 4315 ha·
676 4256 761 4318 detur
763 4298 1082 4324 ...........
1104 4264 1174 4329 275.

62 4432 65 4446 .
106 4357 157 4418 bet
167 4349 365 4441 atqueduoptu,
374 4361 426 4424 ubi
437 4363 510 4426 vide.
638 4363 732 4442 Syrtes
751 4364 897 4446 Interpres
914 4363 949 4425 N.
968 4365 999 4427 Τ.
1015 4364 1082 4428 Plu·
