2808 5032
393 376 478 436 oiri
495 369 549 435 lll.
564 373 668 436 roasi
686 376 782 446 5‚.6.
939 465 943 472 ι
1056 369 1118 437 221

60 553 239 624 soluendum
257 565 325 630 est,
341 550 498 620 auctorem
520 553 571 620 hle
595 543 686 620 verbi
705 555 892 636 cumulasse,
918 553 1121 620 ut'natalium

58 651 173 736 sociam
189 665 319 755 gloriam
336 666 483 752 deinoeps
501 668 682 752 ampliorem
702 679 733 731 ct
754 667 951 732 illustriorem
970 669 1121 734 redderet*

59 780 212 850 Scribendo
240 799 353 864 nempe
380 784 527 870 περιτομῇ
544 776 725 868 ὀπαῇμιρος
751 779 889 844 indicare
909 779 1020 844 voluitr
1055 781 1121 846 Iu-

59 896 148 961 daeos
176 897 268 975 steni3
299 913 362 958 nors
384 890 602 978 Proselytus‚
627 915 681 956 seu
701 892 829 956 advena
856 893 905 957 ad
920 884 1122 960 Iudaeorum

58 1012 221 1074 civitatem.
264 1007 355 1072 Nune
382 1004 589 1092 gradationem
617 1003 718 1070 facere
738 1005 847 1091 incipit
870 1005 1016 1070 adiiciens
1037 1007 1123 1093 quod

57 1123 108 1186 illo-
121 1121 217 1188 maius
240 1130 299 1184 est:
323 1139 363 1184 ex
375 1111 740 1210 patentuueeosdem,
750 1121 875 1206 gentis,
891 1139 954 1182 non
964 1139 1008 1182 ex
1017 1119 1121 1184 Pros-

56 1237 143 1321 elptr'r
163 1229 261 1300 noae
281 1235 362 1298 mm.
402 1232 475 1296 ·Hoe
505 1241 605 1309 certe,
633 1253 861 1296 euersosrorro
891 1231 988 1308 duce,
1011 1231 1121 1298 Verbis

54 1347 110 1414 eius
137 1351 171 1415 ἐκ
189 1345 293 1434 γένους
310 1341 432 1432 Ἰσραήλ
462 1346 560 1410 inesse
582 1344 723 1411 arbitror.
768 1343 857 1409 Haud
884 1343 976 1429 pauci
995 1345 1121 1431 quidem

55 1461 171 1545 speclari
198 1470 313 1548 putant·
337 1455 501 1524 discrimen
532 1457 613 1522 inter
635 1456 779 1526 Iudaeos
803 1468 833 1521 et
859 1455 1121 1534 Idumaeos,.-uti

55 1595 180 1638 ouorrus
194 1569 270 1661 ·(1);
302 1571 355 1636 sed
376 1571 498 1657 longius
516 1568 577 1636 boo
595 1569 768 1656 quaesitum
791 1580 850 1646 est,
870 1569 989 1636 idcirco
1010 1572 1119 1649 etiam,
1217 1663 1220 1670 Ι

57 1685 129 1770 quod
158 1709 225 1782 nonx
248 1669 380 1771 liquet,
396 1706 520 1748 resnou
535 1705 681 1769 ,usquam
710 1675 943 1749 Idumaeorum
971 1687 1121 1752 rationem

57 1796 192 1863 habuisse.
231 1800 442 1864 llsrrmmros
456 1797 638 1882 Apostolum
658 1797 810 1884 originem
829 1819 920 1863 suem
937 1799 1053 1863 referre
1072 1799 1120 1862 iu-

54 1909 126 1976 dicat
144 1899 405 1976 ad‘rsrnsreham
425 1931 583 1988 siconem,
603 1909 723 1996 sibique
741 1909 947 1975 honorificum
956 1911 1119 1995 Israelis,

54 2023 128 2108 qnod
146 2023 193 2088 illi
215 2021 294 2088 Gerr.
317 2024 448 2088 XXXII:
474 2027 516 2091 28
533 2009 712 2116 impositum
730 2035 791 2102 est,
815 2025 970 2090 vindicare
989 2002 1119 2092 nomen:

53 2147 80 2200 at
106 2135 161 2206 hac
196 2137 464 2223 interpretatione,
493 2159 544 2201 mc
569 2135 692 2214 iudioe',
721 2149 828 2202 eontra
854 2139 1001 2224 loquendi
1028 2161 1121 2204 usum

54 2249 199 2334 Emplresis
233 2249 363 2337 fingitur
391 2261 433 2314 -et
467 2249 665 2335 perturbatur
708 2247 799 2313 huius
839 2250 983 2314 orationis
1017 2252 1119 2318 series.
1156 2269 1161 2297 ¹

53 2362 186 2442 Quamvis
216 2384 329 2448 nempe
348 2363 510 2449 Apostolus
530 2361 682 2449 gradatim
704 2362 743 2426 ab
765 2360 981 2448 humilioribus
1004 2364 1044 2428 ad
1062 2387 1119 2428 su-

52 2474 162 2558 periora
191 2475 364 2553 adscendit,
397 2498 504 2541 riooer
533 2486 637 2540 taruen
666 2486 796 2540 aetatem
826 2476 965 2540 nondum
995 2476 1119 2564 attingit

52 2587 201 2654 scribendo
222 2594 323 2676 φυλῆς
341 2589 501 2670 Βενιαμίν,
522 2609 584 2675 quo
609 2611 643 2652 se
666 2611 729 2652 nora
752 2611 793 2652 ee
813 2590 1006 2678 ignobiliori
1016 2591 1118 2678 'prse-

52 2700 120 2766 dom
138 2705 228 2768 trito
249 2701 505 2777 smaelitarum,
539 2701 601 2766 sed
617 2723 658 2766 ex
681 2701 768 2766 tribu
789 2723 971 2768 rurmmms
994 2705 1117 2798 oloris-

50 2817 126 2880 aimo
138 2820 352 2906 progenitum
372 2837 442 2880 esso
459 2814 604 2880 declarat.
650 2816 723 2879 Sine
744 2817 889 2900 scrupulo
911 2792 994 2880 enim
1014 2817 1118 2882 denuo

49 2930 197 3014 sequimur
217 2951 488 3007 cmmemores,
513 2949 650 3015 quocum
672 2929 814 3016 plerique
837 2929 877 2993 de
900 2941 1004 2995 mente
1027 2951 1118 2995 riom

51 3042 219 3127 explicanda
252 3053 473 3108 convenerunt.
524 3043 689 3106 Summum
721 3063 793 3105 vero
824 3041 939 3127 gloriae
963 3043 1119 3130 fastigium

48 3151 314 3245 Philippensibus
337 3165 617 3220 commonstrarunt
637 3166 790 3250 postrema
802 3152 935 3240 Ἑβραῖος
953 3157 987 3230 ἒξ
1004 3155 1121 3240 Ἑβραί-

48 3290 95 3330 ων.
132 3269 191 3334 Sed
214 3267 399 3356 gradationis
427 3267 503 3331 ratio
522 3265 574 3331 blo
599 3266 691 3330 etiam
715 3266 760 3329 ub.
776 3264 918 3338 omnibus
939 3285 1002 3328 non
1022 3263 1120 3328 habea
1210 3257 1214 3268 '

49 3387 104 3444 tur.
148 3380 220 3446 llibi
237 3391 325 3446 >certe
345 3401 413 3445 earu
434 3379 594 3466 negligere
617 3378 774 3453 ridentur,
800 3377 855 3461 qui
878 3374 954 3440 baec
970 3375 1014 3441 ab
1033 3378 1120 3462 Apo„

49 3493 122 3558 stolo
140 3495 251 3580 scripta
276 3515 341 3559 esse
365 3493 544 3578 opinantur,
567 3491 616 3556 rel
638 3503 673 3554 ut
695 3513 727 3554 se
749 3513 767 3553 a
787 3488 978 3576 Proselyte's
1002 3489 1121 3556 disces*

47 3615 147 3683 neret,
169 3610 219 3673 rel
240 3619 275 3672 ut
296 3607 456 3694 utriusque
474 3605 607 3692 parentis
625 3605 673 3668 sui
692 3602 844 3690 originem
860 3603 1006 3668 Iudaeam
1021 3615 1122 3668 osten*

45 3715 140 3786 deret.
182 3722 326 3786 Alterum
348 3741 463 3785 nausro
486 3727 518 3784 et
539 3739 662 3784 orsorio
686 3715 819 3802 placuit,
840 3717 972 3785 alterum
992 3693 1120 3783 recurro

46 3838 82 3890 et
102 3849 313 3902 urrrrrcnsro.
359 3835 468 3900 Puero
487 3843 591 3898 autern
605 3829 844 3898 Tarsensium
863 3830 1007 3917 congruit
1018 3828 1121 3914 opinio

41 3999 300 4016 Μ

69 4105 116 4173 ,(1)
131 4111 230 4158 Grotius
245 4112 389 4160 [mussitas
406 4122 499 4176 queque
516 4117 643 4157 memorata
661 4107 702 4157 sed
720 4108 803 4158 borum
819 4105 933 4154 rationein
943 4099 1123 4149 rrrroehabere

44 4210 96 4246 aon
110 4205 199 4265 potuit,
216 4206 328 4271 qnoniam
344 4203 383 4252 illi
399 4219 446 4250 non
462 4210 544 4248 octavo
561 4215 573 4247 a
591 4198 710 4249 natalibus
728 4199 781 4262 die,
801 4195 841 4247 sed
860 4196 949 4244 decimo
959 4195 1030 4242 tertio
1040 4191 1126 4242 aelbtis

45 4307 107 4340 anno
124 4295 356 4348 circumcidebantur.
393 4294 553 4344 Gumoaorm
573 4302 681 4340 errarunt
699 4285 994 4352 suscensendique·
1034 4319 1039 4327 .
1104 4283 1112 4324 1
