2808 5032
402 429 470 473 css.
494 405 548 473 111.
573 429 659 473 vers.
688 411 744 485 te,
768 403 822 473 20'.
1087 403 1152 471 tte

83 706 181 770 ceteris
209 702 365 780 collocatis
383 707 417 772 in
437 708 625 775 Parentlsesi.
670 709 805 772 Mentem
822 703 961 791 Apostoli
979 703 1069 791 quod
1081 702 1153 767 assi-

83 831 143 898 net,
175 819 256 886 haud
279 821 361 886 male
385 843 453 887 eam
481 821 628 908 explicuit
647 822 686 889 V.
706 821 743 884 Β.
764 819 799 883 in
818 815 903 884 Nor.
927 816 1018 884 Test.
1045 815 1149 905 Volp.

81 936 134 1021 prss'
151 953 189 998 oe
217 942 357 1017 curant,
383 943 466 1024 quoe
485 936 653 1001 adcitum
675 935 841 998 duntaxat
861 933 1039 997 animalem
1056 951 1150 1019 pemn

82 1049 191 1112 noent:
215 1047 316 1135 quod,
340 1049 462 1114 brevius
480 1050 615 1128 dictum,
638 1027 695 1112 esi:
717 1049 776 1136 qui
792 1066 885 1108 mera
902 1045 1153 1132 espetrrsst'ter-

81 1163 207 1226 restria.
252 1161 391 1227 Eandem
419 1163 502 1228 enirn
529 1161 688 1226 notionem
708 1181 744 1224 ae
761 1163 854 1244 ‘supra
872 1153 1067 1221 tribuendam
1088 1175 1154 1218 esse

81 1269 174 1339 Verbo
196 1282 333 1361 φρονεῖν,
354 1287 482 1361 apparet
503 1275 602 1341 etiam
615 1297 652 1339 ex
677 1273 746 1341 nor.
766 1273 828 1336 111:
853 1275 889 1348 1,·
902 1273 939 1349 2,
961 1267 1017 1333 ubi
1036 1271 1151 1354 ζητεῖτε

48 1425 50 1432 ·
82 1394 108 1446 el
125 1394 254 1472 prescire
273 1386 355 1452 inter
378 1409 410 1452 se
431 1399 656 1472 permutantur.
916 1387 919 1392 '

85 585 203 679 diique,
232 591 288 678 qul
317 590 394 664 haro
421 617 495 660 eum
527 595 678 681 superiori
703 595 915 682 nsprrnros'lots
943 595 1152 666 connectunt,

530 1613 615 1658 rurs.
640 1593 709 1657 20.·

119 1729 145 1790 A
170 1724 304 1811 pessimo
329 1725 493 1792 hominum
510 1746 624 1816 genere
639 1747 756 1792 rsusos
767 1745 855 1790 veros
873 1740 1001 1790 nurtsrr
1020 1731 1154 1790 sectatr-

81 1857 137 1916 res,
164 1850 199 1904 ut
224 1839 348 1905 codices
373 1839 489 1906 habent
523 1841 606 1908 tiss,
632 1851 784 1928 quotquot
808 1838 843 1904 in
870 1838 971 1928 pretio
994 1847 1083 1916 sunt,
1110 1837 1155 1902 sic

81 1949 248 2039 distinguit:
290 1952 404 2036 Ἦμοῖν
436 1951 494 2041 yoip
523 1951 559 2020 ri
592 1954 758 2036 πολίτευμα
791 1954 825 2018 ἐν
848 1951 986 2039 ον’ρανοῒς
1013 1947 1154 2036 ὑπάρχει.

80 2063 163 2149 Apud
188 2068 305 2154 Syrum
327 2066 463 2152 aliosque
483 2067 669 2158 Interpretes
687 2077 805 2132 veteres
824 2087 882 2152 pro
907 2059 1061 2130 Particula
1080 2057 1155 2151 qui-

81 2175 144 2243 dem
162 2181 284 2246 causali·
295 2178 524 2246 Adversatiram
545 2180 733 2265 reperimus:
756 2179 809 2244 scd
824 2181 908 2245 male
925 2199 1156 2244 urrrsrrcurrrs
1217 2263 1219 2272 Ι

78 2289 145 2356 inde
161 2293 304 2381 collegit,
328 2293 362 2374 in
381 2291 544 2377 exemplis,
564 2290 677 2379 quibus
696 2302 875 2370 uterentur,
896 2311 1005 2356 rocem
1026 2290 1063 2357 dd
1081 2289 1156 2354 inis·

79 2425 115 2476 se.
157 2407 260 2470 Immo
281 2405 345 2485 illi,
367 2405 510 2471 orationis
529 2425 644 2470 nexum
663 2427 727 2470 non
750 2405 897 2482 assecuti,
919 2414 1076 2489 receptam
1096 2398 1155 2492 ydp

79 2517 172 2590 minus
195 2529 281 2586 recte
299 2519 488 2584 transtulisse
503 2517 665 2584 ridentur:
686 2517 949 2605 quemadmodum
960 2539 1031 2581 eam
1046 2537 1154 2582 recen·

78 2628 308 2719 tiorijtempore
337 2651 504 2709 srorusros,
525 2653 653 2710 usurus,
673 2653 906 2698 rnnrrwrunus
929 2652 988 2718 pro
1009 2629 1047 2698 δέ
1066 2649 1155 2695 surn-
1231 2689 1233 2694 ,

79 2756 191 2824 serunt,
224 2764 445 2810 nmnnrcnsrrs
471 2745 567 2810 unice
595 2745 742 2809 inservire
767 2743 951 2809 monuitad
975 2742 1154 2810 iaciendum

78 2858 243 2926 transitum.
289 2853 387 2924 Aliter
414 2869 604 2946 peccarunt,
632 2859 693 2946 qui·
709 2858 791 2950 hanc
814 2859 1018 2938 Particulam,
1045 2857 1095 2922 rel
1115 2857 1154 2922 ad

77 2977 165 3035 totam
194 2973 366 3039 orationem
394 2971 649 3059 praecedentem,
678 2973 728 3041 rel
755 2971 794 3042 ed
823 2969 883 3038 res
901 2975 940 3045 17
959 2969 1154 3056 referendam

77 3102 134 3146 esse
173 3085 412 3153 contendebant.
470 3085 634 3152 Evidenter
662 3085 746 3152 enirn
782 3085 874 3152 docet
899 3076 1066 3150 Antithesis
1100 3082 1155 3148 hie

75 3198 241 3281 proposita,
272 3198 411 3284 proxime
441 3209 563 3264 tautum
587 3199 805 3284 praecedentis
829 3199 859 3264 οἱ
879 3196 919 3265 roi
943 3198 1057 3283 nisyon
1076 3217 1162 3285 φρο-“

74 3311 186 3387 νοῦπες
204 3322 365 3376 auctorem
385 3310 572 3397 permovisse
591 3310 630 3376 ad
650 3313 799 3377 continuo
823 3309 1021 3377 scribendum
1040 3311 1155 3393 ‘Hpolv

75 3415 127 3504 trio
151 3422 188 3488 ro*
213 3424 380 3508 πολίτευμα
406 3425 439 3490 ἐν
465 3422 602 3511 οὐρανοῖς
627 3421 770 3512 ὑπάρχεις
801 3445 881 3514 quae
899 3445 1002 3503 nunc,
1026 3447 1100 3512 age,
1119 3435 1156 3489 ut

76 3549 166 3597 nexus
186 3548 348 3622 appareat,
370 3535 620 3624 interpretemur.
665 3537 733 3606 Vox
753 3537 920 3621 πολίτευμα
932 3538 998 3604 aliis
1009 3543 1151 3630 patria,

74 3641 135 3707 aliis
152 3651 289 3733 amtor,
309 3649 376 3717 aliis
396 3655 449 3719 ius
471 3655 639 3736 civitatis,
659 3652 726 3724 eliis
754 3657 958 3721 conversatio
979 3652 1153 3743 significare

73 3753 199 3827 ridetur.
246 3763 288 3826 Et
302 3760 363 3828 hoc
382 3763 526 3850 quidem,
550 3776 586 3829 ut
605 3765 724 3852 magnis
741 3765 859 3850 placuit
876 3766 974 3846 Viris,
992 3787 1153 3845 rurrsao,

74 3885 227 3952 casuro,
256 3895 414 3963 jonorro,
456 3875 494 3940 V
491 3879 641 3968 algarum
677 3876 849 3959 Latinam,
886 3889 1152 3953 snrrosrssrntrrs

73 3961 207 4072 aliodque
232 3988 357 4055 Veteres
379 3989 599 4076 sequentibus,
624 3991 666 4056 ita
693 3991 802 4058 ceteris
829 3991 1066 4082 praeferendum
1087 3991 1161 4078 est,

74 4113 143 4160 cum
167 4113 298 4186 prepter
324 4102 421 4188 ipsam
448 4124 572 4183 rocem,
602 4125 683 4191 quae
712 4106 836 4193 proprie
860 4109 1022 4178 rationem
1034 4129 1154 4197 ..agen-s

73 4205 109 4272 di
138 4215 187 4276 in·
204 4215 302 4280 rebus
329 4217 481 4282 civilibus
511 4216 652 4298 denotat,
678 4229 745 4290 tum
773 4218 812 4283 ad
831 4217 915 4284 hunc
934 4239 1056 4283 versum
1078 4241 1152 4286 curn

72 4325 270 4404 praecedenti
291 4330 373 4396 hene
390 4331 655 4418 conirutgendurn.
701 4333 923 4400 Verumtamen
943 4333 1002 4398 tris
1018 4345 1155 4398 suntor·

951 4451 1021 4510 17*

22 4171 29 4202 l
