2812 5032
238 381 243 390 ’
274 335 334 432 tto
634 382 700 430 etr.
724 365 763 428 11.
789 386 875 430 vass.
902 367 931 440 l,
955 369 985 428 2.

269 575 331 639 que
356 561 486 638 praestat
519 573 626 616 eorum
648 551 680 616 in
702 563 801 643 pprtes
822 553 885 630 ire,
908 551 963 638 qui
992 551 1095 616 omnia
1117 548 1169 614 hic
1190 548 1330 634 proposito
1392 585 1393 620 1

267 665 307 732 ad
338 661 473 729 eiusdem
507 663 598 729 officii
624 665 806 752 religionem
837 667 984 732 referunt.
1030 662 1123 747 Quod
1140 673 1176 726 ut
1195 662 1258 748 ipse
1277 663 1331 728 iam

268 779 360 844 suasit
389 798 630 842 casrsossorros
651 777 803 844 scribens:
834 779 955 864 Βαβαὶ,
975 774 1101 856 ποσάκις
1119 777 1155 844 ed
1176 771 1249 842 oded
1266 773 1332 859 λέγει

268 892 336 972 ᾰποῖ
349 890 516 970 διαθέσεως
533 897 662 979 πολλῆς;
689 891 733 957 sic
760 913 852 956 nemo
874 913 946 956 sane
964 889 1025 956 hoc
1046 890 1215 974 interprete
1233 885 1331 950 melius

269 1003 389 1080 docuit„
414 1004 507 1068 ulem
534 1003 615 1072 hanc
637 1026 701 1069 non
722 999 787 1068 esse
808 1001 1007 1080 sententiam,
1031 1012 1067 1066 ut
1090 1022 1214 1066 roncore
1237 999 1332 1068 eadem

270 1129 385 1182 temere
403 1127 594 1202 repetentem
616 1126 647 1179 et
669 1115 832 1202 loquacem
853 1115 954 1182 faciat.
1000 1113 1062 1180 Sed
1083 1114 1257 1202 sigillatim,
1269 1137 1332 1202 age,

270 1229 393 1296 dicendi
412 1229 575 1306 formulas,
595 1227 707 1314 quibus
725 1229 887 1314 Apostolus
909 1227 1022 1302 utitur,
1042 1229 1219 1292 lustremus.
1264 1227 1333 1294 Inoi-

269 1343 315 1429 pit
337 1343 433 1430 igitur
465 1341 505 1407 ab
529 1341 737 1408 admonitione
753 1346 804 1406 ‘lae
824 1339 859 1408 ed
882 1339 957 1408 adad
979 1345 1124 1429 φρονῆτε,
1152 1339 1187 1406 id
1211 1351 1271 1420 est,
1297 1340 1333 1404 uti

269 1467 363 1544 puto,
387 1464 425 1520 ut
445 1456 572 1537 eodem,
591 1433 754 1544 qin‘dquid
774 1461 922 1542 agatssr,
937 1454 1048 1520 studio
1066 1455 1246 1519 donamini.
1270 1455 1334 1528 Iam,

192 1653 196 1668 Ι
271 1570 425 1657 quomodo
442 1569 502 1636 hoc
523 1569 592 1634 fieri
609 1570 716 1655 possit,
740 1567 887 1635 continuo
911 1566 1043 1632 ostendit
1063 1565 1164 1632 verbis
1180 1563 1336 1653 adstuduit

270 1679 391 1768 ἀγάπην
407 1679 541 1765 ἔχοντες,
561 1680 617 1744 ubi
638 1703 674 1744 er
698 1702 756 1745 usu
776 1679 949 1765 Participii‚
969 1699 1159 1766 quamquam
1181 1701 1253 1745 curn
1271 1702 1335 1744 arn

272 1795 415 1881 Speciem
431 1818 449 1860 a
466 1796 589 1860 Genese
609 1793 797 1884 distinguere
819 1792 1033 1871 subtilius'est‚
1053 1793 1229 1882 intelligere
1243 1805 1335 1858 umen

272 1907 350 1974 mihi
381 1907 499 1986 videor,
531 1905 606 1972 haec
636 1905 838 1972 admonitioni
870 1905 1075 1992 praecedenti¹
1098 1908 1249 1974 substrata
1273 1928 1334 1972 esse.

273 2020 362 2086 Haud
381 2019 478 2085 dubie
496 2030 600 2085 autem
618 2018 675 2084 sibi
698 2020 764 2084 vult
785 2042 892 2086 omnes
904 2021 1016 2087 eadem
1034 2043 1187 2110 quemque
1207 2025 1337 2090 caritate

189 2161 191 2166 ’
273 2134 527 2223 complectentes.
575 2131 633 2196 Sed
659 2133 788 2197 ulterius
810 2132 995 2218 procedens,
1016 2133 1106 2200 huius
1127 2133 1260 2200 caritatis
1278 2156 1337 2198 mu

272 2381 388 2447 ψυχοι,
407 2362 592 2438 amonim,
613 2361 662 2424 vel
680 2362 729 2424 sic
747 2358 873 2448 offecti,
896 2368 932 2425 ut
951 2383 1034 2426 unos
1050 2361 1199 2450 idemque
1219 2365 1337 2427 ammas

264 2475 355 2542 'codes
379 2474 521 2539 omot'bus
542 2476 649 2538 inesse
669 2473 846 2540 vedeatur:
881 2475 984 2562 Atque
1001 2474 1061 2541 hoc
1083 2475 1216 2542 manime
1232 2475 1335 2564 patela-

268 2612 340 2654 cere
363 2589 448 2653 iubet
467 2610 520 2665 eo,
543 2587 627 2674 quod
655 2587 716 2652 sint
736 2587 771 2682 Ιτδ
789 2590 822 2656 ἓν
842 2581 1039 2676 pposoaimc',
1059 2613 1157 2655 unam
1181 2590 1335 2664 habenta,

268 2703 317 2800 od
333 2703 421 2791 quod
435 2702 611 2790 adspirent
630 2725 737 2768 omnes
750 2725 818 2792 per
834 2712 935 2768 totam
949 2707 1061 2771 uitam.
1097 2705 1162 2768 Nec
1179 2702 1246 2770 sine
1257 2722 1336 2768 carisa

150 2271 152 2278 ·
273 2254 353 2312 tuac'
371 2258 519 2332 tanquam
549 2247 665 2310 fontem
695 2257 726 2310 et
743 2246 895 2334 originem
915 2231 1063 2314 monstrat
1086 2247 1249 2315 scribendo
1268 2243 1337 2330 adp·
1398 2273 1399 2334 t

270 2816 367 2882 utitur
386 2813 527 2878 Articulo
545 2811 597 2893 τό,
618 2815 671 2879 sed
689 2826 808 2882 utrem
828 2827 944 2881 certam
966 2827 997 2881 ct
1008 2815 1167 2883 definitam
1183 2815 1335 2905 significet.
1399 2873 1400 2878 ,

269 2927 352 2994 Illud
373 2949 486 3012 nempe
506 2948 605 2991 unum
626 2925 684 2992 sibi
702 2929 768 2992 vult
792 2929 876 3016 quod
895 2930 988 3015 paulo
1009 2931 1138 2996 interius
1159 2931 1193 2995 in
1212 2948 1337 2995 ennnro

268 3041 387 3106 illustre
404 3040 496 3138 legisse
507 3051 622 3120 monet,
641 3053 686 3120 ut,
706 3026 863 3108 communi
882 3065 914 3107 se
930 3044 1062 3130 quisque
1081 3044 1171 3108 saluti
1186 3043 1336 3116 devovens,

269 3155 318 3219 vel
337 3154 376 3219 ad
393 3175 525 3228 ‚crucem
548 3175 662 3241 usque,
684 3155 710 3219 si
727 3157 889 3221 necessitas
908 3167 1009 3245 urget,
1022 3142 1166 3224 obediant
1184 3159 1261 3224 Deos
1292 3155 1337 3220 Sic

269 3268 413 3353 deinceps
436 3266 545 3332 crescit
568 3268 678 3346 oratio,
698 3269 806 3334 ardore
824 3271 957 3362 pectoris
973 3272 1145 3350 cumulata,
1163 3272 1267 3360 donee
1278 3282 1337 3336 tan-

269 3381 341 3446 dem
370 3379 535 3446 lectoribus
555 3381 751 3466 perfectionis
770 3395 961 3470 proponatur
982 3383 1155 3473 fastigium,
1180 3408 1244 3473 quo
1267 3382 1336 3450 nihil

270 3493 369 3560 maius
389 3505 420 3558 et
437 3497 576 3581 superius
594 3496 628 3560 in
645 3507 782 3562 ruentem
803 3497 908 3561 venire
928 3498 1031 3583 possit.

314 3608 381 3672 Iam
400 3608 541 3694 longiore
561 3619 709 3694 tauquam
724 3607 835 3674 itincre
845 3633 902 3696 per
920 3634 1026 3697 aspera
1043 3625 1184 3700 peracto,
1200 3611 1338 3683 consista-

263 3743 341 3809 pnus
362 3719 516 3806 paulisper
536 3721 575 3786 ad
594 3721 777 3815 videndum,
797 3735 949 3810 quantum
969 3725 1200 3810 profecerimus.
1223 3724 1270 3791 ,td
1282 3723 1338 3788 duo

242 3859 245 3864 ·
271 3835 367 3922 igitur
390 3831 592 3899 attendendus
613 3835 734 3900 animus
752 3848 811 3902 est:
836 3853 959 3903 sensum
980 3861 1104 3918 eorum,
1128 3861 1209 3926 quae
1222 3837 1338 3904 hisver-

271 3947 354 4013 sihus
376 3946 590 4025 continentur,
612 3959 643 4012 et
664 3971 794 4028 nexum,
817 3971 880 4036 quo
902 3961 932 4015 ot
953 3951 1074 4038 singula
1090 3950 1174 4015 inter
1191 3973 1224 4016 se
1236 3961 1265 4016 et
1275 3945 1339 4013 uni·

270 4067 363 4126 versa‘
378 4082 458 4126 cum
485 4059 621 4134 oratione
642 4053 1036 4147 praecedenti‘oohaerent.
1082 4067 1255 4152 Utrumque
1272 4079 1339 4126 vero

271 4194 426 4258 speramus
447 4175 528 4253 fore,
552 4186 587 4239 ut
609 4175 771 4261 perspicue
791 4199 827 4240 ex
845 4175 904 4242 hac
924 4177 1116 4266 intelligatur
1137 4178 1339 4274 circumlocu-

272 4285 370 4353 tione:
396 4287 515 4379 Itaqste
531 4311 603 4375 ooo,
622 4297 659 4354 ut
675 4289 923 4358 admonitionem
940 4314 1062 4374 meam,
1078 4315 1143 4360 eno
1158 4295 1270 4362 am'mo
1277 4304 1338 4375 pro
