2812 5032
410 393 477 438 nar.
501 373 540 439 ll.
566 395 650 438 unns.
677 379 705 450 1,
729 378 759 438 2.
1060 376 1119 440 tto

68 578 170 622 morem
193 555 344 644 gerimus,
367 567 397 621 ct
415 557 520 624 Verbo
535 554 658 646 πληρόω
677 579 764 624 suam
781 555 944 638 tribuimus
956 541 1123 635 notionem,

68 670 145 736 eiam
162 691 228 756 eap.
249 670 294 737 IV
301 691 309 732 :
335 672 393 746 18,
417 668 609 736 talsano.
632 669 1124 740 [11:29.110m.xv:1300n-

68 783 197 868 spicuam,
228 783 313 848 Ilaec
329 793 527 856 autemeam
548 783 746 870 sequentihus
764 785 931 850 arctissime
949 780 1123 863 cohaerent,

68 917 95 960 ac
109 895 131 960 si
149 895 295 980 scriptum
318 895 357 960 sit
378 895 479 984 χαροὲν
498 893 612 984 ταύτην
618 939 630 972 ,
648 896 732 983 quod
758 898 948 976 Pronomen,
968 911 1040 964 ante
1051 900 1125 964 Par-

68 1008 176 1075 ticulam
192 1016 258 1087 tro,
277 1029 364 1074 nunc
386 1030 562 1094 expressum
583 1021 644 1089 est,
664 1010 711 1086 uti
729 1009 847 1076 Ioann.
869 1012 944 1080 XV:
965 1017 999 1078 8.
1020 1011 1124 1081 XVII:

69 1129 101 1202 3,
123 1145 219 1200 nune,
239 1122 287 1186 uti
307 1120 426 1188 Ionon.
448 1124 509 1191 IV:
532 1127 586 1189 34.
619 1127 633 1186 1
664 1123 739 1192 Gor.
762 1125 821 1192 IV:
847 1130 884 1203 3,
909 1147 983 1193 non.
1000 1147 1127 1211 expres-

68 1258 133 1315 sum,
152 1236 202 1302 sed
222 1235 472 1323 intelligendum.
496 1237 625 1322 Scripsit
643 1259 755 1323 nempe
768 1260 897 1303 ructus:
917 1249 969 1308 rea
992 1237 1028 1307 ro*
1052 1237 1129 1306 aest

68 1356 195 1437 φρονῆτε,
225 1349 283 1435 τήν
310 1348 406 1436 odric
439 1346 560 1437 ἀγάπην
581 1350 714 1434 ἔχοντες,
737 1346 916 1436 oriamur,
940 1349 977 1418 ro*
995 1353 1028 1417 iv
1049 1375 1128 1439 φρο-

13 1477 14 1480 ’
67 1470 173 1542 οῦντες.
210 1462 273 1528 Sed
293 1462 432 1549 quaestio
453 1485 538 1529 nunc
560 1475 621 1542 est,
645 1473 752 1528 utrum
773 1474 880 1528 auctor
896 1463 1126 1554 Philaprpenat'-

68 1577 113 1640 lus
138 1576 255 1644 diversa
280 1575 380 1640 officia
407 1576 609 1660 praescribat,
634 1597 674 1641 an
701 1575 825 1640 diversis
843 1575 966 1642 dicendi
987 1579 1128 1644 formulis

13 1693 14 1696 ’
69 1710 108 1754 eos
125 1689 161 1756 ad
181 1689 322 1762 (eiusdem¹
338 1689 430 1754 officii
453 1689 637 1777 religionem
655 1690 803 1776 impellat.
848 1691 908 1786 1Ροο
929 1690 982 1756 illa
1000 1691 1127 1778 quidem

68 1813 139 1885 parte
169 1825 261 1870 nemo
293 1803 433 1891 argutius
464 1802 629 1888 disputavit
656 1825 751 1889 quam
778 1825 967 1882 nnnenmos,
994 1816 1127 1890 quatuor

68 1916 151 1982 nerris
170 1917 284 1985 Versus
304 1915 397 2001 primi
423 1927 555 2002 quatuor
577 1917 677 1985 Versu
693 1916 827 1983 seeundo
845 1916 1029 2003 respondere
1043 1919 1129 1984 aiens

67 2027 182 2108 fruetus,
203 2030 313 2096 eodem
333 2029 449 2096 ordine.
496 2029 605 2111 Quod,
629 2043 665 2095 ut
681 2041 823 2116 perrer'sa
841 2031 950 2096 nititur
962 2031 1128 2096 verborum

66 2139 317 2229 interpretatione,
349 2143 393 2209 sie
416 2144 576 2222 orationis,
606 2156 761 2210 commoto
790 2167 829 2209 ex
851 2145 955 2210 animo
979 2155 1127 2232 tanquam

67 2268 193 2341 emptae,
222 2279 347 2323 omnem
382 2257 447 2322 rim
467 2269 498 2320 et
527 2258 707 2344 gravitatem
731 2259 822 2324 tollit.
867 2258 979 2324 Lenius
1000 2257 1130 2344 quidem

66 2368 310 2453 reprehendendi,
335 2392 394 2435 nce
417 2381 520 2434 tamen
542 2369 686 2434 audiendi
707 2382 794 2448 sunt,
811 2371 865 2457 qui
884 2391 1127 2447 cumcunvnto,

65 2501 142 2562 tam,
165 2506 318 2561 sronnro,
340 2505 460 2550 sturno
481 2481 649 2570 multisque
672 2483 738 2548 aliis
757 2481 964 2558 contendunt,
989 2483 1133 2548 formulis

61 2599 102 2662 lto
117 2597 151 2666 ro*
168 2598 246 2668 orire*
267 2603 398 2688 φρονῆτε
419 2608 450 2660 ct
466 2596 501 2664 vd
521 2597 554 2662 ’ἐν
576 2603 769 2683 φρονοῦντες,
789 2596 838 2659 rel
857 2617 964 2661 earum
982 2597 1130 2661 alterutra

66 2709 188 2798 ‹ffeim
220 2711 263 2778 de
293 2713 449 2778 doetrz'rao
478 2709 700 2777 ementiendi
728 2709 868 2796 proponi.
915 2708 998 2791 Quid
1023 2709 1129 2776 enim?

65 2821 158 2892 Nonne
191 2827 269 2893 haee
296 2825 508 2912 interpretatio
530 2824 565 2890 in
587 2845 679 2888 omne
701 2822 846 2888 orationis
867 2831 899 2888 et
918 2823 1132 2910 praecedentis

66 2946 89 2997 et
103 2940 254 3026 sequentis
275 2939 407 3005 incurrit
428 2937 669 3025 argumentum?
713 2937 824 3009 Nonne
843 2959 878 3003 ea
899 2959 1000 3002 rauco
1020 2937 1130 3002 admo-
1184 2985 1186 2996 .

64 3048 200 3118 titionem
224 3053 349 3131 tribuit,
371 3073 454 3138 quae
464 3051 750 3140 Philippensibus,
770 3061 923 3136 quantum
940 3073 977 3144 er
988 3049 1047 3116 hae
1059 3051 1131 3136 Epi-

64 3163 126 3229 stola
150 3165 373 3255 intelligimus,
399 3187 624 3251 supervacanea
645 3163 739 3228 fuisse
759 3163 903 3228 videtur?
947 3165 997 3229 An
1020 3164 1131 3228 verisi-

63 3276 124 3341 mile
142 3269 198 3359 sit,
214 3279 415 3366 Apostolum,
438 3279 463 3342 si
482 3278 727 3346 admonitionem
742 3277 829 3342 illam
850 3276 924 3361 dare
942 3278 1051 3356 vellet,
1064 3288 1132 3345 tan-
1189 3277 1195 3288 '

64 3390 118 3456 tum
149 3395 342 3480 scripturum
364 3394 457 3458 luisse
478 3392 514 3461 td
534 3394 567 3460 ἓν
588 3397 766 3482 φρονοῦντες
772 3441 782 3472 ,
816 3378 903 3456 certo
923 3391 985 3457 dici
1006 3391 1132 3477 nequit,
1170 3457 1173 3469 ,

63 3505 198 3586 quoniam
221 3507 330 3572 eadem
352 3487 486 3573 formula
506 3504 580 3571 alibi
604 3527 667 3570 non
686 3525 758 3568 usus
782 3515 841 3581 est,
865 3514 898 3568 at
919 3503 1009 3569 valde
1028 3516 1134 3573 tameo
1221 3501 1223 3508 ⁴

62 3611 172 3684 dubito:
197 3619 254 3684 sed
273 3619 490 3705 praecedentia
504 3613 556 3688 'leo
572 3619 610 3688 ro*
627 3617 703 3687 oriri
719 3624 869 3706 φρονῆτε,
888 3617 1059 3684 seeundum
1081 3619 1134 3682 lo-

62 3731 166 3812 quendi
189 3754 301 3810 rrsum,
329 3731 418 3800 aliter
440 3731 620 3816 explieanda
640 3753 721 3808 esse,
745 3752 781 3793 er
803 3728 1039 3816 quinqueloeis
1050 3727 1133 3794 simi-

61 3836 131 3906 libus
152 3845 251 3912 Item.
271 3847 345 3912 XII:
371 3850 423 3913 16.
444 3846 516 3914 XV:
542 3851 572 3911 5.
598 3849 618 3910 2
644 3843 721 3912 Gor.
743 3845 835 3911 XIII:
865 3848 916 3910 11.
940 3843 1133 3910 Postlvm

60 3963 100 4032 tl,
122 3971 157 4024 ut
186 3961 284 4048 vulgo
306 3959 424 4026 editum
448 3970 508 4036 est,
533 3958 592 4023 III:
623 3962 680 4035 16,
709 3980 786 4044 quos
811 3968 895 4024 reete
919 3956 1021 4021 attulit
1041 3976 1133 4018 rtur·
1246 3993 1276 4052 ,¹

61 4086 192 4152 neurim,
227 4073 404 4138 luculenter
437 4084 572 4158 apparet.
618 4072 720 4158 Atque
741 4070 775 4136 hi
802 4057 863 4137 leci
883 4069 991 4138 itidem
1014 4068 1135 4133 obstant

60 4178 132 4248 Viris
151 4187 277 4265 Bootis,
297 4187 353 4273 qui
371 4187 465 4250 rerba
482 4185 519 4254 ro*
537 4183 631 4266 αὐτό,
649 4187 698 4250 vel
717 4208 790 4251 eum
811 4193 968 4266 urentem
984 4183 1135 4269 interpre-

60 4302 154 4406 tantur
177 4300 267 4366 idem
285 4309 383 4391 etque
402 4309 521 4385 antea,
540 4301 589 4365 rel
613 4301 705 4366 etiam
725 4300 823 4366 t'dem'
836 4306 935 4388 etque
954 4319 1025 4389 ego.
1070 4298 1136 4363 Uti·
1215 4375 1240 4394 ΙΙ
