2808 5032
291 377 356 440 250
627 393 693 437 cnr.
717 373 773 438 111.
797 395 882 439 rans.
908 379 962 452 15,
986 380 1036 442 16.

292 559 493 634 discerneret,
517 557 659 622 Secunde
678 559 806 624 Pluralis
826 583 898 626 usus
916 583 981 626 esse
1000 563 1118 626 videtur
1139 561 1203 652 (1),
1226 575 1255 628 et
1268 565 1349 630 Parti-

291 672 361 738 oula
392 671 494 736 aliter
527 667 631 734 dicere
666 672 797 737 voluisse
826 675 929 740 aliter
955 683 1053 764 atque
1080 697 1150 765 ego.
1205 678 1301 759 Quare
1326 691 1350 742 et

292 797 455 871 utramque
485 803 592 848 rocem
621 787 652 852 sl
673 783 781 872 ἑτέρως
810 788 951 872 opposuit
974 789 1151 854 Pronomini
1171 791 1350 874 praecedenti

288 904 387 967 τοῦτο.
426 899 492 962 Iam
512 896 573 962 hoc
592 897 617 962 si
633 907 789 976 tenemus,
814 901 959 978 Protesis,
985 913 1020 966 ut
1041 901 1189 979 arbitror,
1209 902 1289 969 bunc
1305 902 1350 968 ba-

288 1012 375 1076 bebit
397 1032 536 1076 sensum:
557 1018 589 1076 et
610 1013 644 1074 ss‘
661 1011 746 1099 qm‘d
756 1033 825 1100 per
842 1014 947 1078 aliam
967 1018 1125 1105 expetitis
1145 1020 1243 1099 mom,
1267 1039 1350 1105 pum

287 1147 349 1215 ego
360 1145 558 1213 persequor.

332 1237 571 1328 Progrediamur
600 1258 685 1301 nuuc
707 1236 745 1302 ad
774 1237 947 1322 Apodosin,
971 1241 1025 1305 ubi
1046 1243 1264 1328 quaestinem,
1287 1241 1351 1328 quid

289 1375 404 1420 rsuuus
429 1353 462 1416 in
491 1360 597 1415 mente
618 1347 775 1428 habuerit,
804 1373 877 1416 cum
904 1363 1044 1418 uteretur
1060 1355 1247 1420 Pronomine
1264 1360 1352 1422 τοῦτο.

287 1470 431 1534 Gnorros
453 1464 509 1530 ait:
533 1485 645 1552 nempe
661 1477 808 1529 oos'esse
828 1465 996 1555 deceptos:
1012 1489 1150 1554 quocum
1166 1489 1351 1534 oacuusams

287 1581 438 1646 scribens:
469 1574 514 1647 ὃτι
534 1577 573 1645 oo'
588 1583 688 1656 καλῶς
708 1571 789 1648 οὕτω
812 1588 946 1667 φρονεῖτε
975 1581 1129 1667 multique
1160 1581 1212 1645 alii
1236 1601 1352 1648 consen-

288 1705 402 1760 serunt.
447 1696 508 1760 Sed
535 1695 583 1760 his
612 1707 643 1760 et
667 1693 817 1760 similibus
837 1696 1024 1783 negligitur,
1048 1689 1132 1781 quod
1157 1717 1248 1781 supra
1277 1694 1351 1758 deri

286 1809 509 1875 vocabulorum
538 1807 646 1897 ἑτέρως
678 1819 708 1873 et
738 1809 790 1874 καί
815 1809 1006 1884 monuimus,
1036 1819 1129 1894 atque
1152 1807 1237 1872 huuc
1257 1807 1291 1872 in
1310 1808 1352 1870 lo-

286 1945 360 1988 cum
392 1922 468 2009 quid
498 1921 590 1988 alieni
610 1921 803 2006 importatur.
836 1921 874 1986 Et
886 1920 976 1988 Viros
994 1920 1106 1986 Iloctos
1125 1921 1225 1986 serbis
1243 1943 1352 2006 expres-

286 2035 325 2099 sis
349 2034 426 2133 pihil
448 2033 622 2099 adiecturos
639 2035 733 2100 fuisse
751 2045 843 2120 puto,
865 2033 890 2097 si
913 2033 1138 2112 meminissent,
1161 2035 1195 2098 in
1207 2031 1293 2098 libris
1301 2035 1351 2101 lle-

220 2225 223 2232 Δ
286 2160 388 2213 terum
423 2148 591 2212 orationem
616 2170 706 2234 saepe
730 2149 823 2214 talem
844 2171 923 2227 esse,
947 2161 982 2213 ut
1003 2149 1180 2216 Pronomen
1199 2150 1231 2217 τί
1248 2146 1351 2236 signifi-

287 2273 337 2342 cet,
360 2261 493 2352 alz'quid
518 2263 594 2328 boui
612 2259 672 2351 (2)
717 2261 876 2362 Brevitatis
907 2284 997 2327 causa
1018 2273 1176 2348 praetereo
1200 2260 1352 2326 sententias
1401 2331 1402 2336 γ

285 2376 387 2440 minus
407 2375 591 2462 probabiles.
622 2375 793 2440 Praeterire
811 2386 914 2441 tammo
926 2375 1013 2442 iscius
1030 2377 1083 2454 sit,
1105 2375 1190 2463 quod
1205 2395 1352 2440 commen-

285 2489 339 2553 tati
359 2501 431 2554 sunt
452 2485 640 2566 eunomius,
667 2509 817 2555 s‘ronmus
836 2490 966 2576 aliique,
987 2501 1022 2554 ut
1042 2489 1132 2554 illud
1154 2477 1304 2552 reieratur
1322 2484 1351 2550 ad

284 2604 460 2668 membrum
489 2604 575 2690 prius
596 2614 626 2667 et
646 2613 834 2688 exponatur:
858 2604 947 2692 puod
968 2625 1027 2668 nos
1046 2603 1271 2694 perfectiores
1288 2621 1351 2664 seo-
1400 2639 1401 2682 p

203 2799 205 2815 .
284 2721 400 2793 temus,
433 2718 482 2780 vel
507 2717 655 2782 similiter.
701 2718 741 2780 At
768 2716 1005 2802 interpretandi,
1034 2718 1058 2780 si
1080 2717 1148 2803 quis
1170 2719 1351 2793 est‚‘·sensus

284 2828 390 2906 docet,
414 2851 465 2892 me
483 2829 596 2907 iudice,
618 2831 794 2894 Pronomen
812 2829 998 2916 praecedens
1011 2829 1116 2897 tlsibi
1129 2851 1262 2915 sequens
1275 2833 1351 2896 τοῦτο

283 2941 445 3007 attrahere.
468 2941 523 3007 eff.
541 2941 633 3008 Rom.
652 2945 742 3010 VIII:
767 2947 839 3009 9.1
868 2943 943 3011 Cor.
965 2944 1109 3011 Vluss.
1134 2941 1226 3008 Phil.
1242 2943 1305 3009 IV:
1326 2944 1350 3004 8,

283 3055 365 3142 Ergo
387 3077 505 3120 rsouus
532 3053 590 3118 sibi
612 3055 741 3119 voluisse
763 3055 897 3119 ridetur:
922 3054 965 3120 Si
985 3056 1068 3144 quid
1085 3056 1160 3120 doni
1173 3075 1243 3144 per
1261 3056 1350 3119 aliam

282 3171 371 3232 ciam
399 3170 571 3257 expetitts,
608 3167 702 3234 Deus
721 3170 845 3258 societ,
876 3179 915 3232 ot
943 3170 1001 3235 doe
1019 3170 1118 3234 ¹uobis
1149 3168 1243 3232 houd
1272 3185 1350 3236 secus

282 3285 468 3348 innoteseat*
485 3289 583 3371 atque
603 3283 708 3365 illud,
736 3283 824 3371 qaod
844 3284 933 3348 uobis
951 3305 1057 3373 supro
1078 3283 1119 3347 de
1143 3305 1215 3346 meo
1234 3285 1350 3346 ratione
1398 3287 1399 3330 l

284 3402 436 3477 narraui:
492 3399 580 3463 Ultro
609 3399 721 3475 fateor,
756 3420 795 3462 ne
827 3398 870 3462 sie
904 3397 1031 3484 quidem
1060 3407 1206 3462 mentem·
1224 3390 1350 3481 Apostoli

180 3553 183 3562 .
285 3509 410 3575 omnino
430 3513 624 3598 perspicuam
644 3533 729 3592 esse;›
750 3511 801 3576 sed
824 3512 1038 3577 obscuritatem
1059 3533 1121 3576 non
1142 3509 1241 3574 miror
1253 3506 1350 3573 oratio

227 3797 229 3802 ,
317 3747 353 3820 (l)
380 3750 457 3801 Aliam
477 3753 535 3801 milri
556 3753 646 3819 fingere
663 3771 710 3803 non
727 3769 819 3824 possum
837 3771 942 3821 caumas,
961 3771 1002 3805 eur
1019 3751 1124 3804 Secunda
1141 3752 1244 3802 Plaralis
1262 3752 1349 3802 Primus

283 3845 396 3912 excipiat.
430 3844 500 3908 Quod
517 3847 580 3900 enim
597 3858 666 3912 putat
682 3859 819 3912 sanamus,
837 3847 943 3912 intelllgi
959 3847 1030 3910 inde,
1047 3859 1137 3896 arcam
1156 3842 1351 3912 aperlecrioribas

194 3957 197 3966 ¹
283 3939 313 3990 sd
338 3941 524 4007 imperfectiores
547 3942 678 4007 transiisse,
691 3920 751 3990 ”nou
778 3939 916 3990 crediderim
941 3955 970 3990 ex
986 3939 1098 4008 loquendi
1115 3956 1158 3990 usu
1174 3936 1272 4006 probari
1288 3949 1348 4002 posse·

284 4033 342 4082 Cum
359 4017 471 4080 sosarmo
496 4034 645 4082 consentiunt
671 4039 804 4096 airastus,
822 4045 941 4094 moturus,
957 4011 1071 4098 sirmas,
1088 4043 1275 4096 ranimirus,
1291 4040 1349 4094 qaeu

284 4133 360 4173 tamen
378 4137 526 4172 somniamus
543 4126 666 4174 refutavit.

241 4283 248 4296 ¹
318 4215 355 4282 (ὃ)
380 4220 458 4283 loris,
484 4235 542 4286 quos
566 4219 665 4268 excit-ssi
683 4221 707 4267 in
726 4224 814 4270 dnnot.
834 4231 881 4269 cet.
899 4220 1004 4285 pam,
1023 4221 1087 4285 219,
1107 4217 1161 4268 addi
1178 4225 1253 4284 polest
1274 4212 1351 4289 1ἱο01·

284 4307 353 4358 Vlll:
373 4313 399 4360 2.
418 4311 463 4360 cll.
483 4325 630 4362 stasanor.
649 4329 673 4378 p.
690 4314 740 4362 440
758 4323 781 4362 et
800 4321 886 4362 ursas.
905 4327 931 4380 p.
949 4313 1008 4360 169.

1396 3525 1398 3572 l

1397 3573 1398 3630 l
