2808 5032
685 317 714 344 N

361 425 365 434 ·
452 422 518 478 cor.
542 402 596 466 ΙΙΙ.
622 423 704 468 vitus.
731 408 781 468 tt.
918 425 920 430 '
1093 411 1156 476 245

80 591 217 676 spirans
244 583 293 649 ad
318 583 399 648 haud
413 586 517 672 'longe
546 585 717 652 discesseris
743 611 760 652 a
787 587 1005 673 significatione
1035 594 1157 676 propria

79 724 114 766 se
143 699 333 764 extendens
350 699 405 763 ad.
430 698 483 764 eff.
513 722 650 780 osorius
673 711 703 764 et
725 723 936 767 wnrsrrnrus.
983 705 1156 792 Utrumque

79 813 116 878 ad
140 813 270 878 eandem
292 822 385 897 atque
404 810 548 877 adiuncta
569 809 609 878 roi
636 811 865 895 airo'alaor-et
894 803 957 892 τοῖς
984 815 1026 882 δὲ
1045 815 1158 903 ἔμπρο-
1265 827 1268 836 “

78 910 154 991 σθὲν
191 925 325 1011 pertinet
354 926 538 1012 imaginem,
576 949 592 990 a
627 947 751 990 cursore
789 927 931 1022 potitanr,
965 927 1035 1014 qui,
1069 929 1156 1015 spatii

78 1037 193 1102 emensi
225 1038 357 1118 nullam¹
376 1037 524 1128 rationem
553 1036 682 1116 habens,
712 1061 838 1124 corporo
867 1051 987 1104 tantum
1013 1052 1156 1126 porrecto

77 1162 192 1216 metam
223 1151 376 1238 attingere
403 1161 540 1215 conatur.
597 1151 696 1233 Quid'
711 1163 814 1216 autem
843 1152 899 1217 sibi
924 1131 1019 1217 velint
1045 1153 1154 1220 verba:

75 1287 160 1352 qaae
181 1271 432 1351 mergerent,
456 1263 609 1339 oole'aa‘eni
623 1263 752 1352 quartem
778 1265 933 1344 tradens,
956 1250 1027 1332 sed'
1040 1267 1160 1356 adspi-

75 1401 160 1442 rans
187 1375 236 1442 ad
264 1399 319 1460 ea,
345 1399 428 1464 qaae
445 1401 467 1441 a
483 1377 601 1466 fronte
623 1378 764 1453 stantia
790 1377 1043 1464 disceptationem
1065 1402 1158 1444 roca-

76 1503 142 1554 tum
165 1501 220 1554 est.
266 1489 327 1553 Alii
345 1509 457 1573 nempe
476 1488 557 1554 bona
578 1491 720 1556 coelestia
735 1491 972 1570 aterrestribus‚
991 1493 1044 1557 alii
1063 1491 1155 1558 vitam

75 1604 161 1668 novis
182 1602 345 1666 virtutibus
369 1613 505 1668 ornatam
526 1603 625 1669 avita
634 1602 767 1686 pristinis
786 1603 866 1667 vitiis
886 1597 1063 1691 inquinata,
1074 1604 1155 1670 haud

73 1717 166 1800 pauci
193 1717 284 1782 lucra
310 1712 562 1784 Christianismi
583 1737 601 1779 a
621 1715 715 1780 lucris
738 1704 990 1786 Pharisaeisma'
1010 1695 1159 1806 distingui

75 1828 320 1896 contenderunt:
358 1827 419 1892 Sed
446 1827 523 1893 haec
553 1828 720 1904 sententia,
736 1851 824 1892 ‘curn
849 1823 1160 1906 auctorem'intlucat

73 1941 288 2030 nequidquam
306 1951 511 2026 repetentem,
540 1962 620 2026 quae
641 1963 682 2004 vs.
707 1945 726 2006 8
749 1939 810 2005 iam
829 1942 929 2006 multo
952 1944 1073 2028 gravius
1084 1945 1157 2010 scri-
1220 1967 1223 1974 ·

72 2059 149 2146 psit,
174 2079 238 2121 non
259 2065 392 2141 praestat
410 2055 550 2120 alterutri
570 2055 711 2130 illarum,
734 2076 865 2141 quarum
881 2055 1018 2140 patroni,
1042 2058 1090 2120 vel
1107 2080 1158 2120 ro-

73 2159 193 2245 eahulis
219 2169 345 2235 Graecis
363 2167 508 2244 ¹alienam
536 2167 690 2255 affingunt
711 2168 886 2246 notionem,
907 2169 955 2232 rel
975 2170 1156 2254 Apostolum

73 2279 216 2361 sumunt,
240 2294 409 2370 antequam¹
427 2303 554 2348 cuursrr
577 2280 664 2346 fieret
682 2291 825 2358 sectator,
845 2279 1006 2346 hominem
1025 2303 1156 2365 pravum

72 2399 175 2462 fuisse.
232 2397 271 2460 Et
309 2395 377 2459 iure
413 2394 587 2482 meritoque
617 2415 843 2458 nurrswotnus
884 2405 913 2458 et
947 2391 1153 2458 urrrirnsrus

72 2510 184 2572 seriem
223 2508 364 2572 orationis
399 2507 517 2571 turbari
549 2518 694 2584 monent,
728 2507 786 2570 nisi
822 2507 953 2594 alterum
987 2519 1155 2591 exponatur

71 2645 128 2688 res
160 2647 183 2686 a
218 2643 319 2685 rouro
346 2623 416 2685 iam
436 2621 512 2684 bene
532 2627 710 2706 peractae,
733 2621 865 2686 alterum
890 2591 944 2686 res
965 2621 1006 2684 ab
1031 2642 1067 2685 eo
1094 2621 1154 2686 ad·
1248 2603 1250 2610 i

70 2737 133 2800 Irae
155 2733 401 2827 peragendae:
424 2755 504 2820 quae
526 2743 557 2798 et
584 2732 795 2832 interpretatio
822 2731 936 2799 onorii
955 2744 1015 2810 est,
1050 2755 1154 2798 cunr-

70 2871 246 2913 sosronou*
258 2849 396 2935 aliosque
415 2849 518 2913 Patres
534 2845 705 2924 Ecclesiae,
725 2831 1051 2935 etianr·Iaterpretem
1062 2870 1151 2914 aera.

69 2963 196 3028 secutis
225 2963 333 3048 Neque
366 2961 393 3024 ei
426 2959 522 3025 obstat
551 2968 721 3025 concursus
751 2953 922 3048 Singularis
949 2971 979 3025 et
1005 2960 1152 3036 Pluralis‚

68 3078 189 3162 quippe
218 3095 280 3160 que
311 3085 342 3139 et
361 3096 470 3158 ,unum
491 3073 587 3151 illud,
613 3073 697 3160 qaod
720 3096 776 3138 sss.
801 3077 858 3152 12,
883 3077 922 3140 13
944 3074 1152 3158 appetendum
1248 3063 1261 3146 J

67 3187 201 3266 dicitur,
238 3198 268 3250 et
297 3187 436 3275 singulae
465 3199 566 3272 partes
595 3210 631 3252 eo
656 3187 807 3252 ducturae
835 3175 1152 3272 comprehenduntur.

66 3304 151 3389 Ergo
180 3303 316 3388 Apostoli
344 3325 436 3388 mens
456 3302 532 3368 haec
560 3325 628 3367 esse
652 3301 787 3366 videtur:
836 3300 912 3365 Sed.
934 3323 1032 3366 anam
1054 3303 1151 3368 illam

37 3417 318 3510 perfectionem,
344 3440 415 3483 arm
446 3419 600 3482 obliuioni
628 3416 765 3480 tradens
788 3415 955 3504 quidquid
982 3419 1051 3480 iam
1076 3418 1152 3482 heae

56 3513 245 3617 praestiti,
270 3537 336 3594 tam
352 3550 429 3594 aero
451 3531 499 3595 ad
518 3553 573 3612 ea,
597 3551 682 3617 qaae
703 3529 811 3593 adhoc
827 3529 1041 3617 praestanda
1057 3540 1148 3617 suat,

62 3643 269 3730 adspirans,
285 3665 472 3736 persequor
492 3640 552 3730 (1)
598 3642 761 3707 interiecta
792 3652 896 3706 autern
924 3641 1001 3709 ratri
1021 3640 1148 3723 σκοπόν,

58 3785 62 3791 .
65 3782 310 3799 ..anno-vm,-

17 3871 23 3890 Ι
101 3867 144 3936 (1)
161 3870 266 3922 Etiamsi
275 3853 332 3938 piis
346 3871 496 3938 probaverit,
513 3853 593 3922 inians
609 3882 672 3922 recte
690 3889 714 3920 se
732 3872 819 3922 habere
836 3881 977 3924 structuram
995 3859 1024 3922 ir
1038 3869 1071 3930 δὲ
1084 3870 1148 3922 διώ-

62 3978 104 4010 κω
134 3977 148 4010 a
170 3960 239 4010 nobis
256 3964 412 4028 propositam,
435 3961 475 4012 sed
493 3966 621 4014 orationem
638 3964 793 4031 supplendam
811 3983 860 4015 esse
879 3965 956 4016 Verbo
974 3967 1040 4026 ποιῶ
1059 3963 1098 4013 vel
1118 3966 1152 4012 si-

59 4051 135 4118 mili,
161 4071 190 4102 ne
208 4056 242 4104 sic
260 4054 356 4123 quidem
373 4055 451 4119 cadit,
474 4053 537 4121 quod
555 4055 584 4104 de
600 4059 695 4106 notione
714 4059 799 4108 Aetira
817 4057 889 4108 Verbi
913 4057 999 4107 διώκω
1016 4056 1148 4123 disputavi-

59 4161 133 4196 mus.
168 4147 216 4195 Hoc
234 4125 296 4208 eninr
313 4149 403 4212 posito,
432 4145 553 4213 cogitando
572 4147 730 4200 adiiciendum
748 4153 770 4200 ei
788 4162 823 4200 est
841 4151 902 4200 idem
920 4151 1051 4198 Pronomen
1067 4151 1148 4214 ittae,

58 4235 135 4306 quod
152 4235 282 4309 desiderant
301 4241 420 4306 superiora
440 4224 680 4308 trapessacum,
700 4243 867 4308 καταλάβω,
892 4241 1099 4318 nrsrsrlaplrar,
1123 4253 1150 4291 ut
1224 4268 1227 4276 ·

58 4331 136 4379 ‹licat
152 4341 248 4379 raetos:
270 4331 320 4381 Sed
338 4349 414 4382 traam
430 4332 516 4399 focio,
537 4317 659 4388 oblivioni
676 4339 776 4390 traderes
793 4338 919 4405 quidquid
934 4338 985 4386 iam
1005 4337 1061 4388 leno
1077 4351 1150 4403 prae·
