2812 5032
386 383 452 430 ers.
476 363 502 428 1.
526 385 611 427 vm.
636 365 689 440 27,
713 364 768 436 as.
953 443 959 456 s
1061 370 1121 434 rra

59 549 124 616 tinu
152 547 184 612 in
212 547 357 612 Dativum
386 548 501 614 mutari
523 549 640 633 potuit,
671 559 706 612 nt
726 548 924 634 praecedenti
944 552 1123 618 Pronomini

59 661 145 738 αότοΐς
173 671 265 737 esset,
299 660 383 747 quod
405 659 604 746 responderet
627 661 672 724 ei:
696 649 822 726 Dativus
845 685 949 726 rursus
964 664 1012 746 ‘in'
1027 643 1124 730 Geni·¹
1171 657 1176 664 ’

58 776 156 851 tirum,
190 773 339 860 quoniam
368 797 431 840 non
464 773 710 861 intelligebatur,
741 774 898 860 quomodo
919 775 1014 854 illud,
1039 753 1122 864 qdod

58 911 134 974 supra
161 886 281 953 diotrrm
315 899 396 964 erat,
427 889 516 978 r‘peis
539 885 810 977 Philippensibus
833 887 957 967 ἔνδειξις
977 893 1125 980 σωτηρίας
1169 913 1171 918 ’

57 1001 153 1067 suaet.
197 1001 239 1066 At
269 1002 407 1086 suspicor
434 1011 537 1066 tamen
563 1001 749 1096 nannumsi
770 1002 914 1068 Genitivo
935 1025 1008 1066 usus
1028 1016 1122 1082 esset,

58 1115 113 1180 roei
135 1115 285 1193 incutite
312 1115 553 1200 postpositurum
581 1115 873 1192 fuissePronomen
898 1115 1016 1196 etrus,
1037 1118 1121 1204 quod

58 1239 116 1294 ante
133 1209 220 1315 ιῖμῶν
240 1229 468 1317 quodammodo
487 1228 604 1315 requiri
624 1227 754 1294 ridetur.
788 1229 876 1311 Quae
894 1251 966 1306 cum
985 1231 1028 1296 ita
1043 1231 1120 1309 sint,

57 1340 151 1408 haereo
173 1343 318 1430 quidem,
340 1342 393 1408 sed
415 1343 459 1408 ita
482 1353 603 1420 tamen,
627 1354 662 1406 ut
682 1343 781 1407 multo
805 1345 987 1428 propensior
1003 1345 1059 1408 sim
1080 1345 1119 1410 ad
1158 1359 1161 1366 ’

57 1455 190 1522 iudicium
222 1457 446 1543 plerorumque
476 1456 659 1522 criticorum
680 1455 886 1541 probandum.
931 1457 1122 1542 Interpreta-

58 1568 158 1634 tionem
173 1570 342 1636 verborum
361 1567 446 1656 quod
467 1569 591 1647 attinet,
616 1591 718 1646 nemo,
740 1570 931 1655 putaverim,
952 1593 1121 1638 antemon-

57 1703 98 1748 sro
115 1683 280 1770 paucisque
301 1681 383 1758 aliis,
404 1681 460 1768 qui
477 1683 651 1746 Pronomen
672 1681 776 1760 adroic
795 1682 834 1749 ad
852 1705 960 1748 vocem
971 1683 1121 1762 ἀπωλείας

58 1797 194 1874 referunt,
217 1795 374 1862 calculum
392 1793 534 1872 adiiciet,
558 1796 697 1860 anirnum
720 1795 812 1860 modo
832 1819 905 1861 cum
916 1817 1118 1874 uamurnsro,

57 1909 133 1976 etad
153 1909 274 1986 locum,
295 1893 350 1974 ubi
370 1907 450 1998 illud
470 1908 604 1994 positum
624 1919 683 1984 est,
705 1917 736 1971 et
756 1907 918 1974 adoneum
939 1910 1005 1976 eius
1020 1923 1120 1978 atten-

56 2020 132 2090 derit.
174 2025 273 2088 llecte
301 2020 409 2086 itidem
438 2020 495 2088 Vir
525 2021 639 2086 Doctus
662 2020 838 2086 Articulum
866 2015 948 2109 ἥτις,
980 2026 1120 2110 quamtis

56 2135 87 2201 ad
103 2134 317 2222 praecedentia
336 2133 492 2220 respiciat,
516 2127 688 2200 secundum
708 2111 1117 2221 frequenten'uraeeorum

57 2271 150 2328 usum,
179 2248 212 2314 in
240 2246 390 2312 feminino
422 2270 535 2335 genere
566 2248 714 2333 scriptum
745 2258 871 2312 etcum
893 2271 969 2313 voce
998 2247 1119 2327 ἔνδειξις

56 2361 253 2447 copulandum
273 2381 336 2424 esse
355 2372 470 2426 monet.
488 2361 607 2424 dlinus
630 2370 713 2424 recte
731 2370 835 2424 tamen
857 2360 1031 2437 contendit,
1051 2373 1120 2426 sen-

56 2498 114 2541 sum
134 2475 279 2542 orationis
300 2473 408 2539 eodem
431 2472 533 2538 redire
551 2495 649 2558 posse,
670 2471 732 2536 sive
749 2471 908 2537 Genitivus
926 2471 1052 2550 Datim,
1065 2497 1120 2540 seu
1170 2492 1173 2496 ’

54 2587 97 2654 luo
126 2587 173 2653 illi
197 2589 398 2674 praeferatur.
443 2587 476 2652 Si
506 2585 589 2650 enim
619 2584 752 2671 legimus
772 2585 878 2664 ripole,
909 2586 1120 2650 adversor&

53 2691 160 2774 ἔνδειξις
178 2699 335 2788 quaedam
355 2722 419 2766 esso
440 2699 554 2766 dicitur
572 2698 749 2783 utriusque,
772 2708 802 2762 et
817 2699 986 2778 απωλείας,
1006 2710 1037 2764 et
1056 2721 1120 2768 σω·

53 2813 160 2900 molum
187 2825 220 2879 at
249 2835 323 2877 vero
350 2812 475 2878 ulterius
503 2823 624 2876 tantum
643 2809 872 2888 adversante,
892 2811 1016 2876 alterius
1033 2815 1120 2902 pens

53 2922 328 3016 Philippensibus,
350 2925 374 2989 si
393 2926 575 2999 retinemus,
599 2923 682 3009 quod
703 2924 796 3011 vulgo
806 2907 933 2988 'edium
954 2935 1009 2990 est.
1053 2927 1119 2990 Iam

52 3038 132 3104 verbo
150 3061 283 3106 monere
302 3037 446 3116 sufficiet,
466 3059 555 3104 voces
580 3037 733 3114 ἀπωλείας
753 3047 783 3100 et
803 3036 955 3124 σωτηρίας
973 3037 1120 3101 inservire

19 3177 23 3187 ·
53 3151 165 3234 quidem
193 3151 234 3217 ad
264 3151 509 3239 persequendam
535 3149 702 3236 imaginem
733 3173 751 3213 a
781 3148 948 3212 eonomine
974 3150 1120 3232 petitam;

52 3285 100 3328 nec
126 3277 232 3331 amen
265 3285 339 3329 cum
368 3271 526 3330 arausice
546 3263 585 3328 de
607 3262 703 3328 elude
724 3260 755 3326 et
774 3263 917 3326 victoria
938 3263 1122 3340 sumendas,

51 3376 93 3440 sed
114 3377 313 3466 exponendas
333 3397 397 3441 esse
412 3378 578 3465 perniciei
597 3387 629 3439 et
649 3373 790 3448 solutio,
813 3395 854 3438 nc
874 3372 960 3437 notio
979 3374 1015 3438 iis
1034 3375 1123 3442 affin-

50 3501 128 3572 gatur
155 3513 237 3557 nova
267 3501 299 3554 et
329 3513 457 3555 artum
476 3488 595 3574 seriptis
614 3488 723 3553 aliena.
769 3486 836 3550 lloe
855 3495 959 3549 autem
983 3486 1123 3571 Apostoli

49 3601 154 3670 dietum
171 3605 281 3670 minus
299 3603 410 3668 laboris
432 3603 590 3694 facturum·
604 3599 695 3664 luisse
716 3609 791 3684 puto
809 3599 1051 3682 Interpretibus,
1077 3601 1121 3678 si,

49 3713 144 3786 indea
164 3738 413 3794 cunrsosrorro,
434 3713 715 3782 animadvertissent
733 3731 857 3787 omnes,
880 3710 914 3774 in
933 3711 1121 3776 Pronomine

47 3829 151 3916 αὐτοῖς,
173 3843 211 3896 ut
233 3829 319 3895 etin
341 3827 481 3916 sequenti
490 3828 582 3911 ὖμῖν,
594 3826 626 3890 'si
645 3823 705 3890 hoo
726 3824 896 3911 genuinum
919 3834 974 3899 est,
986 3823 1122 3888 ermdem

45 3939 192 4010 Dotzorrm
216 3943 307 4010 comi
326 3941 493 4018 commodi,
515 3940 571 4026 qui
588 3939 730 4005 inVersu
749 3935 900 4020 superiori
911 3933 1123 4018 deprehendi-

45 4064 97 4122 tur.
142 4059 227 4124 Hinc
250 4055 336 4120 enim
354 4053 571 4141 intelligimus,
594 4049 792 4116 sententiam:
820 4045 917 4130 Quod
928 4046 1003 4108 illie
1016 4048 1126 4133 quod-

42 4168 110 4234 dam
141 4169 376 4238 est'indim'am
396 4170 577 4256 pemt'oaeo',
604 4164 691 4230 eote
714 4182 792 4225 vero
818 4157 960 4232 salutis,
987 4180 1054 4224 non
1082 4163 1128 4226 si-

43 4281 198 4363 gnificare,
233 4279 315 4368 quid
337 4279 477 4346 homines
499 4301 617 4343 revera
638 4276 800 4354 viderint,
823 4267 876 4332 sod
906 4270 985 4352 quid
1014 4275 1133 4345 eides-2

135 4375 140 4397 .
649 4395 653 4404 ,
744 4389 749 4400 .
962 4389 983 4446 3
1094 4395 1101 4410 .
