2818 5032
269 392 332 453 282
621 411 689 454 cu.
712 390 766 456 tv.
790 411 877 456 vans.
902 397 940 468 6,
964 399 993 458 6.

267 571 441 640 cohaerere.
487 571 596 656 Quid?
625 575 711 660 quod
736 575 854 642 varium
875 578 964 642 nohis
984 597 1115 656 nexum,
1141 601 1203 666 qus
1225 591 1324 644 souu-

265 709 330 781 qpe
355 685 448 752 huius
475 707 581 752 sersus
609 689 789 756 membrum
814 691 1025 770 contineatur,
1048 692 1212 780 cogitando
1225 693 1326 780 lingere

265 821 437 888 ροιιιιιιιιιι.
487 799 550 866 Sed
578 823 687 868 vemm
718 804 844 871 lortasse
866 806 997 872 assecuti
1025 829 1148 885 sumus,
1173 810 1198 872 si
1222 829 1326 874 rsusos
1393 857 1394 898 ι

266 914 394 980 lacinus
415 913 589 982 dicentem:
614 917 769 984 Casurus
788 920 881 984 brem
890 920 1092 992 admotum
1104 929 1155 985 est
1173 921 1222 988 ad
1235 943 1327 1011 cges-

265 1029 344 1095 dunr
364 1051 499 1097 σαιιιαιιι
518 1053 648 1110 eorum,
667 1035 728 1120 qui
747 1033 885 1098 lenitate
903 1055 966 1100 soa
985 1035 1062 1098 iure
1078 1056 1137 1098 sato
1155 1036 1313 1099 cesserint.

742 1329 827 1372 vans.
852 1313 884 1372 6.

310 1486 516 1551 incitamento
544 1483 679 1550 leuitatis
708 1485 865 1570 proposito
894 1506 1010 1552 rannus
1042 1457 1276 1575 Plslstenses
1302 1487 1334 1548 sic

267 1599 428 1666 admouet:
454 1599 570 1687 Μηδὲν
597 1604 769 1687 μεριμνᾶτε·
800 1597 867 1665 ἀλλ’
893 1601 927 1666 ἓν
952 1601 1044 1668 noval
1062 1605 1104 1690 τῇ
1122 1603 1278 1689 πρωιυχῇ
1298 1597 1336 1664 sol
1395 1649 1396 1666 r

267 1717 310 1803 τῇ
337 1709 436 1800 δεήσει
463 1710 542 1798 persi
570 1711 761 1800 εὐχαριστίας
790 1709 831 1778 roi
858 1707 1014 1798 αἰτήμιιῐα
1040 1712 1130 1796 opes
1158 1709 1336 1796 γνωριζέσθω

160 1845 168 1872 ι
268 1825 342 1914 πρός
360 1827 413 1894 τὼ
432 1822 519 1894 Oris.
561 1825 646 1890 Haec
675 1835 781 1890 autem
802 1823 971 1890 admonitio
993 1835 1058 1890 tam
1084 1824 1241 1890 dissimilis
1265 1843 1337 1906 supe

268 1939 358 2004 rioris
389 1950 451 2018 est,
487 1950 523 2002 ut
550 1938 640 2002 nullo
668 1960 752 2002 nexu
784 1938 938 2004 contineri
965 1937 1137 2004 rideantur.
1185 1937 1248 2004 Sed
1273 1933 1338 2000 haud

271 2075 340 2116 raro
361 2052 396 2118 in
416 2051 504 2116 libris
529 2050 638 2118 eodem
660 2062 829 2140 aggregate
849 2052 1022 2138 reperimus
1043 2051 1161 2118 monita
1183 2048 1339 2138 argumenti

270 2165 398 2243 diversi,
422 2163 507 2252 quod
527 2164 661 2231 naturali
673 2163 809 2251 qsmdsm
826 2164 1052 2252 cogitationum
1065 2165 1339 2256 progressusectuu

271 2290 332 2358 est,
356 2291 392 2344 ut
413 2278 558 2365 deinceps
579 2279 614 2344 io
643 2289 782 2344 mentem
804 2278 993 2366 scriptorum
1013 2279 1165 2344 venirent.
1214 2275 1340 2360 Exempla

254 2393 297 2458 si
316 2394 350 2458 in
375 2415 469 2458 nsum
489 2393 610 2479 quaeris
629 2391 786 2477 Epistells,
810 2393 935 2460 nullum
946 2391 1074 2460 habebis
1084 2392 1250 2470 illustrius,
1263 2407 1341 2477 quam
1397 2429 1398 2460 ι

273 2511 288 2593 ¹.
317 2505 431 2573 Tem.
455 2508 499 2575 V:
522 2509 563 2572 15
583 2527 651 2592 sqq.
697 2505 845 2570 Similiter
869 2518 989 2585 autem,
1017 2518 1053 2572 ut
1079 2519 1178 2592 puto,
1208 2505 1341 2572 hocloco

267 2620 450 2706 Apostolus,
475 2619 755 2710 Philippensibus
778 2618 818 2684 ad
847 2620 1008 2686 lenitatem
1026 2620 1140 2686 vocatis
1162 2633 1197 2685 ct
1216 2643 1286 2684 vcro
1303 2618 1342 2680 in-

269 2735 385 2812 citatis,
415 2735 449 2798 in
480 2733 701 2822 cogitationem
724 2731 834 2798 incidit
860 2755 1015 2820 angorum
1043 2745 1079 2822 ct
1095 2733 1340 2803 sollicitudinum

269 2849 383 2936 quihus
399 2846 523 2934 fatigari
542 2858 682 2932 possent,
708 2845 734 2910 si
756 2845 947 2933 gravioribus
962 2847 1054 2912 ctiam
1068 2847 1102 2916 iu
1123 2847 1221 2912 rebus
1242 2846 1279 2910 de
1290 2844 1343 2906 iuro
1398 2867 1399 2902 2

269 2985 326 3026 suo
357 2961 513 3027 cederent.
558 2961 668 3045 Itaque
691 2981 742 3024 eos
771 2959 919 3024 continuo
938 2959 1133 3026 adhortatur:
1155 2961 1258 3047 μηδὲν
1276 2980 1343 3042 μερι-

269 3079 385 3159 μνᾶτε,
416 3074 451 3138 id
479 3083 540 3150 est,
571 3073 667 3136 nulla
693 3071 734 3136 de
763 3092 802 3136 re
821 3073 923 3136 cneii
943 3082 976 3136 et
998 3074 1140 3138 solliciti
1159 3081 1279 3138 estole:
1295 3088 1343 3153 qua

270 3209 346 3254 voce
367 3209 439 3251 rere
461 3184 631 3252 Christiana
656 3207 721 3250 non
749 3183 931 3272 diligentem
949 3185 1049 3252 loturi
1067 3207 1177 3254 euram
1195 3197 1228 3252 et
1248 3181 1359 3271 prori-¹

216 3381 218 3390 γ
266 3302 426 3379 dmtinm,
453 3298 581 3364 homine
602 3298 748 3386 dignun,
771 3296 986 3392 reprehendit,
1010 3298 1064 3364 sed
1083 3321 1197 3366 ranam
1215 3299 1298 3368 illam
1321 3304 1343 3360 el

266 3416 395 3480 inanem
423 3397 520 3479 animi
539 3412 820 3498 perturbationem,
844 3434 925 3498 quae
946 3435 965 3480 a
984 3433 1053 3478 men
1076 3411 1206 3480 Marto.
1228 3414 1288 3482 Vl:
1310 3413 1342 3474 25

268 3547 339 3612 sqq.
361 3528 562 3612 improbatur.
607 3527 856 3592 Carmosrorms
874 3525 1105 3618 aliiqueserba
1132 3528 1151 3593 ό
1168 3526 1286 3616 Κύριος
1305 3529 1344 3609 lt*

269 3635 332 3724 yde
359 3639 474 3724 Μηδὲν
501 3644 663 3725 μεριμνᾶτε
690 3651 774 3704 arcte
797 3649 1002 3719 connectunt3
1027 3641 1081 3706 sed
1100 3641 1286 3728 neutiquam
1302 3660 1344 3702 aa·

271 3751 376 3818 diendi
406 3763 493 3828 sunt,
524 3751 550 3814 si
573 3749 849 3820 demonstravimus
870 3776 979 3840 supra,
1004 3754 1094 3841 quod·
1112 3755 1210 3843 vulgo
1233 3771 1345 3841 queque

270 3868 420 3944 sumitur,
443 3867 577 3930 alterum
596 3889 700 3932 sersus
724 3875 743 3934 5
765 3867 944 3933 membrum
965 3891 1039 3934 cum
1059 3869 1155 3934 altero
1180 3868 1343 3934 cohaerere.

271 3981 350 4046 Nam
377 4003 434 4066 per
457 3978 681 4066 interpretandi
705 3983 809 4070 legem
831 3981 899 4046 fieri
928 3983 1055 4069 nequit,
1088 3991 1124 4046 ut
1148 3982 1261 4047 eodem
1280 3977 1345 4044 inci-

272 4105 409 4161 tamento
429 4104 578 4181 urgeatur
599 4093 768 4160 admonitio
792 4095 979 4182 praecedens
994 4108 1025 4161 ct
1037 4119 1177 4182 sequens.
1206 4097 1346 4162 Etrsuno

273 4231 360 4272 more
385 4219 545 4293 receptum
573 4220 730 4297 nonaeest,
761 4207 969 4282 incitamentis
992 4210 1090 4276 officia
1114 4210 1178 4276 sine
1206 4205 1346 4276 Particula

273 4315 396 4387 elstret
419 4321 511 4386 simili
534 4331 728 4407 postponere.
