2856 5028
269 393 309 454 10
372 441 376 466 ‚
718 405 894 450 saracinos.

265 571 364 648 adeat,
387 591 568 636 amassent
588 567 636 659 (1)
661 582 691 636 et
714 591 929 636 mararenses
950 569 1014 659 (2):
1038 571 1093 636 sed
1112 569 1189 637 haec
1205 571 1345 636 sufficere

266 683 409 750 ridentur
438 681 477 748 ad
512 684 672 751 resumta
702 695 895 762 commento,
934 705 1031 772 quae,
1063 696 1098 750 ut
1129 697 1214 750 recte
1243 697 1346 750 monet

267 820 398 866 ramas
423 795 489 887 (3),
515 798 693 885 importuno
715 799 869 864 debentur
892 797 996 864 studio
1016 819 1113 864 norae
1138 797 1291 884 opinionis
1315 798 1345 860 in

266 911 405 978 medium
427 911 608 979 afferendae.

311 1027 507 1096 Careamus
533 1026 614 1094 hanc
642 1025 808 1112 Epistolarn
828 1025 1001 1112 scripserit,
1030 1024 1116 1090 dictu
1138 1023 1264 1090 difficile
1287 1045 1347 1086 non

268 1152 322 1206 ost.
367 1141 538 1208 sectatores
569 1159 695 1206 cunrsrr
722 1137 976 1228 Phlippemea,
1006 1139 1110 1206 audita
1131 1138 1271 1226 Apostoli
1294 1136 1348 1200 sibi

269 1253 416 1322 carissimi
430 1253 622 1346 captivitate,
645 1273 909 1332 arsrraonrrrnr,
931 1252 1234 1319 honoratioremsua
1255 1252 1349 1316 inso-

269 1369 379 1434 cietate
401 1367 521 1447 nrum,
545 1366 684 1432 Romam
706 1366 902 1454 legaverant,
926 1367 981 1455 qui
1007 1367 1107 1434 officia
1131 1365 1161 1430 ei
1183 1374 1349 1451 praestaret

269 1493 301 1546 st
320 1480 443 1568 inopiae
456 1490 667 1559 succurreret,
692 1502 770 1568 qua,
793 1499 857 1546 non
880 1477 1079 1557 dubitabant,
1100 1480 1179 1567 quin
1201 1478 1257 1542 ille
1281 1497 1350 1563 pre·

269 1605 417 1660 moretur.
461 1594 529 1660 lam
557 1615 790 1664 sruaaomros
822 1605 981 1660 exsecutus
1015 1615 1095 1680 quae
1125 1591 1183 1662 ribi
1210 1589 1351 1658 mandata

271 1717 378 1786 orant,
414 1706 548 1774 reditum
570 1709 705 1796 parabat.
751 1710 792 1774 Ar
814 1707 900 1774 hunc
920 1707 986 1772 sine
1005 1707 1100 1772 literis
1118 1705 1241 1770 mittere
1263 1721 1350 1768 naun

270 1843 330 1886 uec
350 1805 591 1908 gratus'ierebat
610 1822 748 1902 animus,
772 1844 832 1888 nec
854 1821 1018 1909 propensio
1041 1821 1074 1885 in
1099 1817 1349 1908 Phelaprpenaea,

272 1956 331 2000 nec
349 1933 487 2000 studium
507 1936 615 2014 etiarn,
630 1957 701 2028 'quo
720 1935 886 2023 flagrabat,
905 1935 951 1998 rei
961 1932 1148 2000 Christianae
1165 1932 1273 2020 quavis
1286 1929 1353 1994 data

182 2119 184 2126 ,
274 2048 435 2114 occasione
457 2048 691 2135 promovendae.
737 2050 845 2116 Nostra
866 2059 971 2116 tamen
989 2047 1137 2112 memoria
1161 2045 1201 2110 de
1225 2067 1263 2110 eo
1292 2042 1352 2106 dis-

274 2171 502 2247 puissuned,
529 2174 636 2228 utrum
654 2163 774 2228 Literae
792 2162 864 2230 illae
883 2162 924 2227 ab
953 2161 1099 2248 Apostolo
1131 2160 1197 2245 ipso
1224 2159 1352 2234 formam
1416 2247 1417 2252 γ

274 2275 468 2361 acceperint,
490 2293 586 2362 quam
607 2297 695 2341 nunc
715 2276 884 2343 lectoribus
895 2276 973 2342 Nori
983 2259 1171 2340 Teitamouti
1179 2270 1351 2349 ostendunt

273 2407 315 2452 an
333 2387 560 2472 reroaiiorum
580 2389 673 2476 culpa
691 2389 773 2456 duae
792 2390 964 2458 coaluerint
977 2387 1144 2476 Epistulae,
1165 2383 1353 2453 alteraPhs'-

274 2502 478 2591 lappensibsar
511 2503 662 2568 umversis
694 2504 826 2590 scripta,
860 2503 956 2570 altera
991 2501 1148 2590 sigillatim
1180 2498 1354 2566 hominibus

272 2615 427 2680 amicitiae
449 2615 573 2688 vinculo
595 2616 710 2681 arctius
730 2612 809 2684 cum'
826 2617 975 2704 Apostolo
1000 2612 1189 2696 coniunctis,
1212 2613 1264 2678 vel
1283 2610 1354 2696 Epi-

272 2727 373 2813 scopis
390 2739 423 2790 et
443 2727 596 2793 Diaconis.
617 2728 701 2792 illud
723 2729 881 2794 contendit
893 2749 1126 2810 narnarcauus,
1146 2725 1265 2812 primus
1279 2745 1354 2792 con-

272 2839 438 2906 troversiae
468 2821 577 2904 auctor
597 2836 656 2928 (4).
689 2837 769 2906 ‘Hoc
792 2859 893 2908 naono
912 2841 1046 2928 placuit,
1079 2838 1207 2927 vestigia
1229 2840 1295 2904 eins
1315 2837 1354 2900 ita

275 2952 432 3038 sequenti,
456 2963 493 3015 ut
516 2951 717 3018 secessionem
735 2975 754 3019 a
776 2955 937 3022 communi
956 2953 1106 3020 sententia
1128 2954 1227 3041 magis
1246 2949 1354 3040 plausi-

243 3143 245 3150 Α
274 3064 371 3128 bileni
392 3064 495 3129 iacere
517 3075 681 3130 conaretur
702 3063 761 3155 (5).
807 3066 869 3132 Sed
891 3065 968 3132 haec
991 3081 1065 3132 cum
1078 3066 1262 3152 opinionum
1281 3084 1354 3150 quo-

275 3168 338 3265 que
369 3187 545 3242 commenta
574 3177 655 3257 sint,
686 3180 846 3267 ingeniosa
866 3177 1009 3267 quidem,
1033 3177 1086 3244 scd
1108 3178 1204 3268 digna
1233 3190 1353 3248 umen,

161 3362 165 3368 ,
276 3309 356 3377 quae
379 3289 525 3356 oblivioni
551 3289 711 3356 tradantur
730 3289 794 3380 (6);
818 3303 940 3380 tempus
962 3291 1094 3379 perdere
1118 3293 1191 3358 nolo
1213 3301 1354 3378 repeten-

276 3399 335 3481 do,
359 3389 440 3492 quae
457 3401 525 3472 Viri
548 3403 639 3469 Docti
662 3404 701 3468 ad
724 3427 761 3470 ea
783 3405 997 3494 redarguenda
1018 3405 1161 3471 dixerunt
1183 3401 1242 3494 (t).
1287 3400 1354 3466 l'ria

256 3613 258 3618 ·
311 3605 350 3675 (¹)
368 3605 386 3656 ¹·
403 3623 424 3658 0·
441 3622 467 3672 r·
485 3606 608 3673 ottus·
717 3677 719 3683 ,
759 3606 869 3675 t2ttc·
886 3610 1017 3676 chre

310 3695 348 3767 (3)
365 3698 462 3766 Bijbel.
478 3697 557 3748 Praei.
577 3697 606 3747 ad
623 3696 648 3750 h.
665 3694 740 3764 Epist.
758 3699 795 3750 Cf.
816 3711 948 3749 cauernae
963 3717 997 3772 1³⁶,
1008 3701 1067 3748 tat.

310 3789 348 3862 (t)
366 3791 385 3842 l.
400 3809 424 3841 c.
439 3808 464 3858 p.
483 3793 517 3842 ³1
535 3809 589 3860 sqq.

311 3883 351 3956 (δ)
370 3881 489 3936 Heideld.
506 3885 597 3934 Jahrb.
614 3885 679 3933 Tora.
698 3887 728 3937 V.
743 3887 808 3938 Part.
822 3888 849 3936 Ι7.
866 3901 893 3952 p.
911 3883 963 3935 7οθ
975 3901 1029 3952 sqq.

310 3975 348 4047 (a)
365 3976 484 4026 Indicium
500 3974 545 4026 hoe
562 3985 729 4028 asteterunt
747 3977 766 4030 l.
785 3996 804 4028 o.
822 3953 848 4046 pi
866 3979 927 4028 426.
1122 3957 1125 3964 ⁴

202 4085 207 4096 ¹
241 4051 242 4054 Ἴ
311 4069 508 4139 (tiliamenti,
538 4073 628 4138 Operae.
658 4073 743 4122 mol.
775 4088 801 4138 p.
823 4073 838 4122 1
862 4089 916 4140 sqq.
936 4087 1006 4139 quern
1031 4071 1106 4120 secuti
1132 4075 1188 4118 runt
1216 4073 1350 4116 antaottlt'·

277 4181 302 4231 p.
320 4165 389 4213 asta
409 4179 460 4230 sqq.
496 4162 598 4212 acron.
615 4165 685 4231 lacy.
702 4167 904 4214 Hieronica-crit.
920 4167 950 4216 s'rt
969 4165 1093 4214 la'droali'.
1111 4165 1137 4213 Τ.
1156 4165 1289 4226 Sacraep-
1303 4151 1352 4201 ²⁸²

277 4273 331 4325 sqq.
364 4258 468 4306 flasset.
481 4271 510 4322 p.
528 4256 649 4332 dsstlpqq.
677 4257 806 4309 otrnnrs.
822 4261 847 4324 p.
866 4257 964 4326 losqq.
984 4257 1130 4312 dissentiunt
1141 4250 1352 4326 quidsmillitnter

266 4365 317 4414 ise,
336 4347 376 4398 aad
394 4347 422 4398 de
441 4347 511 4400 rebus
528 4343 624 4428 levioris
634 4343 759 4417 ponderis.
