2856 5028
399 405 465 454 cor.
491 389 513 452 l.
541 410 624 452 vens.
655 393 703 464 16,
732 392 780 451 17.
1088 395 1127 457 77

19 589 20 592 ’
70 576 215 664 poenibus
234 574 294 660 οὐχ
311 578 419 662 driade.
455 577 545 642 .Hacc
566 599 683 642 verona
707 577 915 662 superioribus
937 579 989 656 etr,
1007 575 1130 665 χριστόν

72 689 297 776 καταγγέλλουσιν
321 691 453 754 avellere
475 690 623 777 loquendi
646 701 727 756 vetet
750 713 843 768 usus,
864 691 979 777 quippe
1002 690 1130 775 Ellipsiu

73 801 128 866 lsinc
143 801 289 866 orituram
307 781 371 866 non
391 803 519 888 patiens.
547 804 585 868 ,Si
604 803 825 869 autemverbis
843 803 941 886 οἱμὲν
954 803 1130 889 ἔξὲριθιίας

71 915 216 980 abicitur.
229 937 362 994 comma,
379 917 527 1003 seqnitur,
544 939 680 994 comma,
691 917 846 994 vocabulis
866 917 895 983 οἳ
913 915 949 982 di
967 927 997 980 et
1009 919 1043 992 ἐξ
1056 911 1130 1000 cipri·

70 1055 116 1115 ιιης
130 1028 358 1114 interpositum,
371 1011 553 1096 'tollendum
576 1053 650 1097 esse.

102 1144 221 1206 Multum
244 1142 362 1229 negotii
381 1144 468 1208 nohis
486 1145 555 1208 non
569 1145 696 1209 facesset
713 1142 940 1228 interpretatio,
958 1137 1128 1206 dummodo

70 1256 237 1340 exploratum
259 1256 313 1335 sit,
339 1256 492 1342 qnidrox
514 1259 630 1344 ἕριθεία
651 1257 812 1344 significet.
859 1255 1003 1341 Plerique
1024 1254 1128 1319 notio-

19 1395 22 1406 ’
67 1389 123 1430 nem
142 1369 168 1431 ei
192 1369 343 1432 tribuunt¹
357 1373 572 1436 contentionis
595 1370 773 1434 similemve.
821 1369 913 1450 Quod
939 1389 975 1432 ex
1000 1358 1130 1455 Etpmoss
1220 1389 1225 1393 ·

72 1481 134 1567 logia
154 1491 276 1566 petant,
301 1505 341 1546 an
364 1484 514 1561 celocis,
542 1483 597 1550 ubi
619 1463 790 1568 permutari
814 1482 934 1548 videtur
956 1503 1029 1550 cum
1053 1501 1128 1548 voce

68 1592 130 1678 ἔρις,
152 1595 324 1660 exarninare
346 1617 409 1662 non
430 1597 547 1662 attinet
592 1596 676 1660 Nihil
696 1596 810 1661 certius
831 1607 893 1673 est,
916 1615 1010 1682 quam
1030 1595 1126 1660 inter·
1178 1591 1180 1596 ’

71 1707 250 1788 pretationem
273 1709 359 1773 illam
383 1731 447 1774 non
469 1709 578 1774 cadere
598 1710 632 1774 in
646 1709 674 1794 2
702 1710 778 1778 Cor.
800 1712 875 1774 XII:
899 1714 951 1777 20.
981 1708 1057 1776 Gat
1080 1710 1125 1777 V:

71 1821 116 1894 20,
140 1820 194 1885 nisi
224 1842 350 1885 rinnon
375 1822 477 1886 facere
504 1822 634 1886 'velirnus
662 1822 745 1902 idem
776 1823 822 1887 bis
852 1823 1016 1888 dicentem.
1062 1823 1132 1885 Nec

72 1933 205 2019 vulgarem
226 1919 410 2000 sententiam
432 1929 629 2000 commendat
650 1935 762 2013 oratio,
783 1935 899 2022 inqua
920 1958 1005 2000 nunc
1026 1957 1125 2001 versa-

70 2065 132 2111 nur.
172 2049 250 2112 Nem
272 2048 425 2136 sinonem
443 2051 559 2138 ἐριθιία
579 2047 618 2114 de
638 2053 838 2116 contentione
856 2029 1021 2126 sumimus,
1036 2069 1124 2134 prae-

67 2159 222 2226 cedentium
244 2159 305 2250 ἔρις
325 2159 509 2246 ειφθόιιις,
533 2162 646 2248 quibus
669 2163 805 2230 roiville
827 2163 1006 2249 respondet,
1029 2163 1124 2226 altero

68 2272 177 2338 inaniter
206 2271 372 2360 repetitur,
400 2277 498 2342 altera
524 2277 620 2362 plane
643 2277 831 2364 negligitur?
882 2265 943 2342 sed
971 2296 1122 2361 perquam

67 2387 308 2454 accommodatam
327 2399 357 2452 et
376 2388 451 2454 locis
470 2387 627 2467 indicatis,
651 2401 681 2454 et
699 2389 770 2454 Iac.
788 2389 848 2452 III:
872 2392 929 2465 14,
948 2391 1005 2464 16,
1026 2409 1123 2452 neca

66 2497 141 2566 dom.
168 2503 214 2566 ll:
240 2507 261 2568 8
283 2503 418 2568 alienam
443 2503 602 2568 notionem
628 2503 709 2568 duco
736 2503 938 2594 cupiditatis
962 2503 1018 2564 eui
1043 2497 1122 2588 offe-
1188 2589 1189 2592 Ἴ

65 2616 145 2680 resedi
160 2617 208 2680 rel
226 2618 428 2695 ametritae,
449 2629 599 2704 quae,ut
615 2616 820 2682 altercationis
837 2626 866 2678 et
882 2613 1014 2679 invidiae
1030 2614 1122 2699 plene

65 2739 112 2806 est,
130 2730 168 2796 ita
188 2731 308 2796 caritati
328 2754 346 2796 e
366 2731 494 2819 regione
513 2732 620 2798 obstat.
667 2731 795 2798 Accedit
815 2728 979 2794 auctoritas
997 2749 1122 2794 renero

64 2837 159 2928 Epist.
188 2844 237 2909 ad
268 2845 481 2934 Philadetpt.
513 2868 579 2932 cap.
611 2851 662 2924 8,.
679 2846 734 2912 ubi
763 2843 877 2908 verbis:
910 2840 1024 2928 Μηδὲν
1038 2839 1122 2920 ,κατ’

63 2951 174 3036 ἐριθείαν
192 2951 357 3044 πράσσεις,
377 2956 458 3023 oillei
476 2956 554 3024 nord
572 2953 827 3044 praeoptem,
847 2957 1052 3021 ambitionem
1074 2976 1122 3019 re-

63 3065 210 3148 prehendi,
238 3091 275 3132 ex
292 3091 336 3134 eo
361 3069 579 3158 intelligimus,
605 3069 690 3156 quod
712 3070 805 3156 paulo
831 3067 971 3154 superins
993 3069 1122 3136 lectores
1206 3128 1209 3136 ,

63 3193 233 3260 monentur„
256 3193 293 3246 ut
314 3195 501 3248 concurrant
521 3185 561 3260 εἷς
582 3179 866 3268 ἓνότητιΧριστοιῖ
884 3183 935 3248 καὶ
954 3181 1124 3268 συνεδριίιιν

60 3297 103 3357 τοῦ
124 3292 298 3362 ἐπισκόπου.
340 3297 378 3360 Et
405 3295 487 3359 infra
514 3295 586 3380 Cap.
610 3296 654 3359 II:
685 3294 921 3374 evitabimus,
954 3294 1123 3364 orationem

62 3425 135 3469 riom
155 3409 249 3472 talem
269 3429 349 3486 esse,
371 3420 406 3472 ut
426 3410 541 3494 ἐριθεία
561 3409 650 3472 aliter
669 3409 717 3471 vix
739 3407 884 3492 explicari
899 3407 1002 3492 possit.
1034 3407 1123 3490 Quae

61 3537 120 3582 com
130 3519 170 3586 ita
184 3523 261 3600 sint,
278 3521 359 3587 hanc
372 3523 673 3612 interpretationem,
692 3543 771 3607 quae
789 3539 980 3584 unrrnmsro
994 3520 1124 3607 aliisque

60 3626 129 3696 haud
143 3633 268 3699 omnino
287 3615 459 3722 displicuit,
480 3636 610 3722 probare
629 3659 693 3700 non
710 3635 828 3700 dubito.
859 3635 966 3700 Fateor
979 3635 1122 3722 quidem,

60 3743 196 3831 oliginem
225 3748 308 3815 vocis
337 3747 414 3812 mihi
440 3747 518 3813 nihil
540 3750 751 3835 suppeditare,
776 3771 838 3835 quo
862 3771 930 3814 cem
951 3750 1121 3840 podicem,

60 3856 104 3920 sed
124 3861 227 3928 eodem
251 3862 403 3948 praesidio
426 3875 531 3938 carent
554 3885 661 3928 omnes
683 3864 722 3928 ad
745 3884 832 3928 suem
855 3865 987 3949 quisque
1001 3874 1123 3927 oenten-

60 3968 123 4034 tiom
143 3973 376 4040 defendendam.

97 4083 229 4171 Exposita
253 4111 339 4153 nunc
362 4111 437 4154 voce
452 4069 576 4180 {petreio
598 4089 717 4154 facilius
740 4087 985 4174 progrediemur.
1026 4087 1124 4152 Nemo

62 4195 134 4262 enim
150 4223 211 4267 non
229 4203 330 4282 videt,
349 4204 490 4272 formulis
511 4204 541 4270 oi
557 4203 615 4294 μὲν
641 4205 674 4280 ἒξ
695 4201 827 4291 ἐριθείας
845 4212 875 4265 et
891 4199 921 4265 οἱ
942 4199 978 4264 δὲ
996 4199 1029 4276 ἕξ
1048 4194 1125 4284 tyt-

61 4333 123 4393 πης,
142 4315 187 4378 uti
207 4315 305 4395 Rom,
324 4315 368 4380 II:
391 4323 429 4395 8,
451 4316 615 4404 cogitando
638 4314 813 4382 addendum
837 4335 902 4377 esse
923 4309 1124 4394 Participium
1205 4311 1207 4316 ’
