2812 5032
198 447 205 462 ·
302 359 361 450 112
637 373 705 416 eso.
728 351 753 414 l.
777 369 861 414 vaus.
878 315 942 425 it,
967 353 1019 414 28.

296 539 376 604 beno
398 534 567 602 tenendum
588 545 649 609 est,
673 553 747 600 vooe
766 531 819 598 illo
843 535 952 622 eptam
964 531 1140 618 'sigruboori
1161 531 1350 621 Pttttppea-

296 654 381 716 se'om
390 649 518 735 fidens,
540 646 670 712 mbaime
689 667 762 710 rero
772 643 864 731 fidei
885 645 1087 723 doctrinam,
1107 667 1188 732 quae
1206 667 1351 733 nusquam,

296 767 320 829 si
340 765 421 829 bene
441 759 586 837 memini,
610 769 753 837 vocatur,
775 770 829 824 aut
851 753 903 824 rel
922 758 1025 826 vocari
1046 769 1145 846 potest
1164 760 1187 846 ἡ
1206 737 1351 839 nicanum

294 875 471 962 εὐαῃελίου.
506 873 611 956 Quare
629 871 872 958 interpretationi
892 871 1064 977 oropositae
1083 893 1148 938 non
1170 871 1351 950 obstantror·

295 992 334 1056 bn
366 986 520 1052 simillima
539 984 618 1052 lud.
650 989 687 1050 3:
718 985 959 1071 ἐπαγωνίζεσθαι
985 990 1028 1076 τῇ
1055 977 1351 1076 ἅπαξπαραδοθεῶῃ

293 1109 356 1180 τοῖς
374 1099 467 1185 ἁγίοις
488 1099 594 1166 πίστει.
635 1097 697 1162 Sed
718 1117 809 1164 1ouss
824 1119 950 1186 quoque
970 1100 1080 1188 lpum
1087 1098 1196 1185 fidem
1213 1099 1248 1166 in
1264 1109 1352 1164 mente

295 1215 434 1304 babuisse
456 1211 588 1278 ridetur.
631 1211 775 1278 Ceterum
788 1211 827 1276 de
844 1233 879 1276 re
896 1212 961 1296 ipsa
982 1211 1067 1276 lectu
1084 1209 1178 1298 digna
1196 1223 1277 1290 sunt,
1288 1233 1352 1298 quae

294 1329 354 1394 iam
377 1336 566 1392 monuenmt
585 1345 846 1403 enimomnes,
870 1347 1075 1403 escensurus,
1093 1347 1350 1392 unoonmcms.

338 1439 452 1521 Quales
482 1450 587 1504 autem
618 1460 682 1504 esse
703 1437 852 1504 deberent
874 1437 1128 1528 Plu'lappcmaee,
1151 1449 1187 1504 ut
1207 1437 1289 1502 firmi
1305 1450 1351 1504 sta-

295 1565 362 1618 rent
383 1564 477 1640 atque
494 1531 683 1630 immobiles,
704 1573 818 1616 uacuus
836 1549 942 1618 (locuit
958 1551 1149 1618 adscribens:
1163 1553 1215 1620 sol
1229 1548 1278 1638 μή
1290 1577 1352 1620 mc·

271 1661 408 1750 'nemrot
428 1667 461 1731 ἐν
475 1665 583 1750 μηδενὶ
600 1659 662 1730 ono*
674 1667 736 1730 τῶν
747 1661 961 1746 ἀντικειμένων.
1002 1663 1203 1751 Participium
1219 1659 1351 1752 πτυρόμε-

292 1801 354 1855 νοι,
375 1774 460 1861 quod
477 1776 517 1840 ab
536 1773 623 1862 equis
645 1774 845 1840 consternatis
865 1775 903 1840 ad
925 1773 1082 1840 homines·
1088 1777 1270 1842 translatum
1283 1797 1351 1848 esse,

293 1909 329 1950 ex
362 1887 437 1953 locis
456 1887 657 1975 intelligimus
684 1910 703 1952 a
727 1907 890 1967 unsruro,
916 1909 1060 1968 ursum·
1077 1909 1265 1966 wsrsumo
1278 1898 1351 1954 'con-

293 2001 400 2088 g'estis,
423 2022 476 2067 eoa
496 1985 663 2088 significat,
684 2004 746 2089 qui
771 2023 807 2066 ee
829 2005 1039 2068 constemaara'
1055 2005 1179 2068 sinunt.
1211 2003 1277 2066 lloo
1292 2021 1350 2064 vero

291 2136 332 2178 ne
351 2114 422 2178 ulla
439 2135 476 2178 re
496 2112 593 2191 lieret,
608 2123 716 2178 auctor
727 2113 892 2200 Participio
912 2113 1028 2182 addidit
1038 2115 1233 2184 vocmutatr
1251 2113 1371 2202 μηδενί..

290 2227 457 2309 Quaeritur
475 2238 611 2304 taumm,
635 2225 791 2314 quomodo
813 2227 973 2313 sequentia
993 2227 1056 2296 ὖπὸ
1079 2234 1142 2298 τῶν
1160 2227 1352 2312 ἀντικειμένων
1399 2237 1400 2268 l

291 2339 470 2426 exponenda
488 2339 573 2404 sint?
617 2341 700 2406 Num
719 2341 798 2406 forte
820 2339 859 2406 de
880 2340 1164 2420 doctoribusfalsis‚
1185 2343 1242 2430 qui
1260 2360 1351 2426 super·

289 2453 444 2518 stitionem
465 2453 649 2518 Iudaeorum
672 2474 746 2520 oum
768 2475 840 2520 vera
861 2452 1001 2520 doctrina
1023 2453 1284 2546 commiscebant?
1316 2452 1352 2516 lto

289 2588 423 2632 amsans
446 2565 561 2652 aliique
592 2566 692 2656 multi.
736 2565 798 2631 Sed
825 2566 855 2633 oi
882 2566 1107 2650 dnmtmmt
1134 2565 1212 2638 Gor.
1233 2567 1352 2636 XVI:9
1398 2631 1399 2666 ἦ

289 2693 361 2746 sunt
380 2679 572 2746 adversarii
590 2682 770 2771 religionis
785 2679 1019 2759 Olera'ltionam
1038 2704 1143 2768 neque
1160 2704 1213 2747 me
1230 2683 1263 2746 in
1274 2699 1352 2746 nanu

269 2793 429 2877 .Epistolis
452 2791 557 2876 locum
579 2793 683 2880 legere
704 2793 849 2901 mereim,
884 2793 940 2858 ubi
961 2791 1035 2860 boio
1057 2795 1126 2861 voci
1146 2795 1240 2862 aliam
1261 2794 1352 2860 notio-

288 2927 362 2972 nem
384 2905 520 2970 tn'buere
543 2914 702 2991 cogamur.
747 2907 785 2971 lu
807 2907 876 2972 loco
898 2919 1019 2987 autem,
1042 2907 1076 2972 in
1099 2927 1163 2996 quo
1185 2929 1272 2974 nunc
1292 2927 1352 2970 rer-

287 3019 401 3095 samrlr,
414 3016 510 3082 oratio
531 3027 690 3096 contexta,
711 3028 746 3082 ut
766 3017 1027 3108 somnmus'bene
1045 3019 1352 3100 demonstravit,hano

285 3131 345 3196 sibi
358 3130 643 3216 interpretationem
665 3132 790 3196 omnino
809 3131 953 3216 postulat.
976 3132 1138 3218 Apostolus
1156 3131 1253 3220 igitur
1272 3131 1350 3198 dicit:

252 3239 319 3308 fet
345 3246 397 3308 ita
432 3241 581 3332 quadan,
609 3251 646 3308 ut
671 3267 727 3309 voe
757 3245 851 3308 nulla
883 3228 983 3334 plone
1016 3267 1054 3309 re
1083 3245 1125 3310 ab
1153 3244 1352 3328 aduersarios

286 3379 414 3422 consur
434 3358 644 3428 coenolentam
664 3359 797 3434 sinatis,
824 3354 874 3451 od
886 3379 1021 3424 eausam
1032 3355 1122 3445 Eius
1136 3355 1350 3423 mammeam.
1396 3375 1397 3424 ξ

333 3468 449 3552 Quanti
474 3465 551 3534 baec
578 3469 748 3536 constantia
777 3469 918 3544 ducenda
948 3469 1002 3548 sit,
1028 3468 1194 3534 ostendunt
1212 3492 1263 3548 ea,
1283 3487 1351 3556 quae

288 3592 474 3668 sequuntur:
506 3574 571 3668 ἥτις
593 3583 676 3650 ἐστὶν
701 3582 803 3660 αὐτοῖς
825 3575 946 3660 ἔνδειξις
967 3581 1132 3666 ἀπωλείας,
1152 3583 1228 3669 ν’μῖν
1247 3584 1283 3650 δὲ
1302 3605 1353 3650 ool·

286 3695 398 3782 τηρίας.
436 3695 515 3759 Nam
535 3705 620 3760 recte
644 3715 892 3773 omnsasouruu,
914 3716 1149 3776 meramnum,
1171 3715 1352 3788 seronatum,

169 3861 173 3878 f
287 3828 506 3902 consonum
533 3827 591 3891 pro
618 3806 720 3885 αὐτοῖς
736 3805 795 3892 μέν
811 3809 909 3888 ἔστιν,
930 3829 1009 3896 quae
1027 3809 1061 3874 in
1079 3808 1222 3876 Editione
1240 3817 1353 3894 recepta

287 3923 450 4008 leguntur,
475 3917 662 3984 substituisse
682 3922 764 3987 ἐστὶν
783 3919 901 4002 αὐτοῖς,
919 3942 1012 3988 nemo
1022 3921 1160 4010 prudens
1169 3921 1351 4001 infitiabimr.

287 4033 424 4097 brabium
456 4031 552 4118 magis
584 4042 644 4111 est,
671 4032 795 4126 bativus
822 4033 897 4116 ὑμῖν
925 4034 1102 4102 retinendus
1131 4035 1187 4116 sit,
1207 4059 1248 4104 an
1266 4031 1352 4102 corri-

290 4145 406 4228 gendus
427 4143 571 4210 Genitiro
594 4144 698 4228 ὑμῶν,
718 4157 753 4210 ut
774 4145 925 4216 iudicium
944 4148 1005 4212 lert
1017 4170 1202 4214 uauonrusn
1215 4150 1353 4215 aliorum-
1394 4143 1395 4204 l

289 4243 372 4338 ques
406 4257 453 4321 th
469 4267 605 4344 ,utraque
625 4269 711 4342 parte
732 4269 823 4324 testes
840 4272 919 4326 stant
939 4259 1013 4326 boni
1039 4273 1070 4326 et
1090 4262 1220 4350 antiqui.
1264 4255 1354 4324 Geni·
