2812 5032
330 405 334 414 ’
380 401 447 444 ear.
472 379 519 478 ll.⁴
537 401 620 442 runs.
648 382 676 456 1,
701 382 738 457 2,
763 384 793 444 3.
1027 385 1124 448 .129
1199 445 1201 448 ,

25 631 27 639 s
76 587 157 632 conso
167 585 287 630 cusrsm
299 565 451 630 standum
463 573 495 630 et
505 564 736 630 decertandum
751 586 832 646 esse,
846 585 963 631 revera
972 567 1121 632 obserua-

74 681 246 767 reposn'tis,
265 678 490 744 exhortatione
509 680 594 760 illo,
616 701 700 767 qnae
714 682 882 744 societates
896 701 967 745 cum
988 656 1120 745 eunisro

74 799 234 856 contractae
251 795 401 880 proprio
416 801 482 872 est,
504 801 537 856 et
550 789 775 881 persuadente
795 793 958 881 alloquio,
982 791 1070 882 qnod
1080 817 1121 858 ex

17 933 20 936 ·
73 909 190 970 caritate
196 903 436 996 prryice'seitnr,
448 913 481 969 et
493 908 677 970 animorum
688 910 906 987 coniunctione
912 931 979 996 per
988 909 1121 974 eundem

73 1015 210 1105 Spintum
229 1013 395 1096 Sanctum,
416 1026 448 1082 et
468 1015 693 1105 affectionibus
709 1023 945 1087 benevolentiae
957 1043 1042 1111 erga
1056 1043 1141 1106 αοο,4
1238 1035 1241 1042 ’

72 1131 116 1216 qni
124 1153 175 1219 ope
184 1117 368 1220 indzgeint,
379 1135 641 1223 commoveamini
650 1134 699 1198 nd
706 1133 804 1214 illud,
816 1135 905 1222 qnod
910 1135 1051 1225 gaudio,
1058 1140 1121 1200 mi·

71 1243 131 1308 lio
147 1245 229 1309 vobis
248 1245 366 1324 allato,
387 1246 496 1322 adduc
511 1246 613 1325 deest,
629 1247 824 1336 expleudum
839 1256 936 1338 atque
946 1247 986 1311 id
994 1251 1121 1312 omnmo

71 1357 222 1444 egendum,
247 1367 286 1423 nt
302 1359 409 1426 eodem
429 1381 536 1424 omnes
552 1359 853 1442 stndio‘dnccmini,
876 1339 987 1426 eadem
1005 1379 1119 1449 quem÷

70 1492 116 1556 qne
132 1475 269 1538 caritate
285 1474 538 1562 complectentes,
550 1475 599 1537 sic
609 1471 730 1561 offecti,
740 1483 777 1538 nt
787 1475 874 1548 vobis
886 1475 1030 1542 omnibns
1040 1496 1123 1537 unns

71 1583 192 1674 ideoque
210 1590 321 1651 inesse
340 1587 492 1652 vedeatur
511 1566 656 1664 euentus,
673 1609 771 1651 enum
789 1583 954 1670 habentes,
972 1588 1021 1653 ad
1037 1587 1135 1676 quod'

70 1717 155 1762 onnes
173 1699 360 1790 adspiretis
373 1722 441 1789 per
458 1708 557 1764 totam
577 1703 689 1763 vitam.
715 1701 782 1764 Iam
802 1721 873 1763 vero
893 1711 956 1764 tam
969 1700 1055 1786 gravi
1067 1700 1123 1788 'olt-
1153 1697 1154 1700 '
1262 1692 1266 1694 ’

68 1812 199 1878 testatione
224 1817 345 1877 nunnus
369 1833 432 1876 non
452 1835 563 1878 usurus
586 1813 679 1876 luisse
698 1812 835 1890 ridetur,
854 1811 913 1876 nisi
933 1813 1123 1900 negligentia

70 1924 177 1991 annus
194 1939 326 1992 mutuae
348 1938 443 2012 atque
459 1925 533 1990 inde
553 1936 658 1990 exorto
679 1917 828 1990 discordia
843 1919 1015 2014 Philippis
1034 1926 1123 1991 latius
1173 1977 1176 1984 .

70 2052 359 2130 regnassent,·quam
378 2061 539 2105 scurnzms
560 2038 676 2126 aliique
696 2039 867 2104 concedere
885 2040 1002 2104 volunt.

514 2267 599 2333 vens.
623 2249 653 2308 3.

98 2379 176 2456 Nune
197 2403 331 2458 nunnus,
354 2381 379 2445 si
397 2379 632 2469 Philippenses
653 2381 692 2444 ad
713 2379 834 2445 scholae
855 2376 1047 2466 diligentiam
1066 2380 1120 2444 do-

66 2503 146 2570 ceret,
164 2493 241 2559 illud
264 2517 391 2560 cnnrsm
413 2493 623 2578 propositurus
642 2492 753 2562 inisset
774 2492 968 2576 exemplum,
987 2491 1072 2577 quod
1093 2493 1124 2585 ei*

63 2613 117 2666 ute
144 2609 246 2674 oeulos
275 2608 496 2674 obversaretur.
542 2606 602 2673 sed
625 2605 777 2671 institutio
798 2603 973 2690 popularis,
999 2625 1061 2691 qua
1087 2605 1119 2667 in

64 2713 179 2798 Epistotis
200 2722 265 2786 suis
286 2743 358 2786 usus
378 2732 437 2799 est,
450 2720 538 2784 aliter
556 2741 588 2786 se
608 2719 701 2784 habet
721 2741 815 2806 quam
833 2716 1022 2805 philosopha.
1053 2717 1120 2780 Pri-

62 2845 170 2912 usquam
198 2835 301 2928 igitur
323 2855 358 2898 eo
377 2833 591 2921 progreditur,
616 2833 694 2897 vitiis
718 2831 867 2911 occurrit,
889 2851 1024 2918 quorum
1043 2855 1118 2901 con-

63 2941 162 3025 tagione
182 2959 329 3034 serpente
345 2947 412 3011 fi'eri
429 2957 579 3034 nequeat,
593 2959 629 3011 ut
645 2945 785 3036 homiues
804 2944 843 3010 ad
863 2949 963 3042 unum
973 2945 1051 3010 illud
1064 2947 1118 3012 ad-

61 3052 169 3137 spirent,
194 3062 287 3127 cuius
308 3061 411 3148 imago
433 3061 466 3125 in
480 3061 552 3126 ‘vita
570 3081 697 3128 cunrsm
717 3058 863 3124 cernitur.
909 3057 947 3122 Et
965 3081 1039 3122 cum
1055 3060 1117 3125 duo

58 3168 178 3237 maxime·
197 3176 278 3253 sint,
313 3196 393 3261 quae
417 3173 475 3260 ipsi
502 3175 535 3238 iu
557 3185 693 3238 mentem
717 3171 855 3248 veniant,
880 3179 1050 3257 utrumque
1073 3173 1116 3236 sic

58 3283 229 3373 perstringit,
266 3298 303 3350 ut
335 3287 426 3352 simul
456 3287 609 3364 ostendat,
645 3283 720 3371 quid
749 3294 855 3348 eontra
873 3284 1004 3368 quisque
1022 3305 1115 3372 agere

56 3385 153 3462 debeat.
197 3400 345 3464 Alterum
366 3399 431 3464 eins
452 3410 652 3485 praeseptum
673 3396 733 3460 hoc
749 3406 809 3461 est:
834 3394 951 3480 Μηδὲν
966 3394 1042 3461 nord
1055 3397 1115 3484 ἕρε-

54 3503 161 3596 deteri}
179 3513 367 3599 κενοδοξίαν,
384 3512 463 3579 ditor*
476 3517 518 3603 τῇ
537 3504 795 3596 ταπεινοφροσύνῃ
815 3501 965 3592 ἀλλήλους
985 3503 1115 3592 ἡγούμε-
1174 3575 1178 3582 ,

51 3633 84 3675 ⁹⁰¹
106 3618 308 3708 ὕπερὲχωαας
330 3625 455 3693 ἑαυτῶν.
497 3625 557 3688 Pro
581 3646 642 3688 una
661 3619 816 3686 Particula
835 3612 859 3704 ἦ
879 3616 941 3681 duo
963 3619 1113 3706 vocabule

48 3729 129 3811 tedio
146 3737 243 3818 κατά,
263 3759 346 3832 ,quae
364 3727 520 3803 'librorum
539 3735 917 3852 nonnullmurrgvetemm
940 3727 1113 3792 testimonio

51 3850 309 3930 commendantur,
342 3853 524 3916 substituere
550 3865 745 3916 nsenmnno
774 3843 873 3906 visum
898 3853 997 3906 estet
1029 3861 1112 3904 nar*
1159 3851 1180 3874 ·’

48 3970 164 4025 turasio.
212 3965 277 4028 Sed
303 3965 327 4031 si
349 3966 457 4030 ceteris
477 3965 602 4051 paribus
623 3959 746 4026 brevior
767 3955 891 4041 scriptio
910 3953 998 4018 alteri
1017 3975 1111 4050 prae—

46 4060 154 4138 ferenda
174 4088 236 4155 est,
261 4077 315 4144 hie
338 4101 411 4144 sane
434 4077 511 4142 nihil
530 4074 715 4142 mutandum
736 4093 800 4136 esse
815 4079 907 4153 puto,
932 4087 1004 4130 eum
1020 4075 1050 4128 et
1061 4065 1109 4128 in-

44 4185 82 4240 ῑθῑ
100 4179 130 4246 δὲ
146 4188 241 4256 Codd.
263 4192 346 4258 MSS.
370 4189 547 4257 dissentiant
567 4202 597 4254 et
616 4192 719 4254 Patres
736 4183 851 4254 Graeci
862 4189 1005 4244 tueantur
1024 4177 1124 4263 quod·

42 4284 128 4363 Editio
154 4299 250 4370 habet
276 4319 408 4396 recepta.
454 4308 520 4372 Hoc
547 4316 667 4381 autem,
691 4301 748 4370 nisi
769 4296 874 4389 fallor,
895 4291 1109 4360 'mutationem

880 4429 882 4434 .
947 4409 967 4470 9
989 4469 995 4478 Ι
