2818 5032
436 391 780 486 css.1v.vns.r.4
900 359 968 402 ²⁸
1069 392 1132 454 287

68 589 122 643 eet:
144 600 226 665 qnae
246 598 354 652 unisse,
380 577 469 664 qnod
490 581 661 667 cogitatur
682 579 732 640 vel
754 597 877 640 omnem
896 576 1066 640 seientiam
1085 595 1139 638 ew

41 700 169 780 tarot,
201 703 235 756 ut
261 690 330 766 voci
349 697 421 760 ναῦν
451 691 536 756 notio
555 689 675 756 Passiva
696 678 860 754 tribuatur.
905 687 984 753 Nori
1007 687 1137 775 quidem

65 828 109 880 ea,
131 826 208 892 quae
231 813 347 869 exstant
365 804 429 870 Col.
447 805 507 869 111:
533 807 590 870 15:
614 807 664 870 nni
683 803 705 889 ἡ
724 799 827 890 εἰρήνη
846 807 902 870 τοῦ
921 806 1061 890 Χριστοῦ
1081 799 1138 889 (sic

42 919 136 982 enim
153 915 333 1007 legendum)
349 915 521 1005 βραβευέτω
542 919 576 984 s'v
594 924 662 994 ταῖς
680 917 816 1004 καρδίαις
834 915 940 998 ὑμῶν,
958 917 1057 1002 pacis
1070 922 1138 979 stn-

62 1034 142 1098 dinm
165 1031 400 1109 commendare,
428 1039 465 1094 nt
490 1029 622 1098 Christi
638 1032 820 1119 proprium
844 1027 897 1118 (cf.
915 1051 958 1092 vs.
990 1025 1059 1115 13);
1085 1029 1139 1094 sed

61 1148 94 1212 ab
118 1146 175 1212 bac
196 1157 301 1212 nmen
326 1145 549 1210 admonitione
574 1143 814 1212 Colossensinm
837 1141 914 1208 adeo
937 1140 1040 1206 differt
1054 1165 1139 1231 pro·

60 1261 164 1324 missio
198 1261 281 1324 facta
310 1257 600 1347 Philippensibus,
633 1268 669 1322 ut
700 1255 754 1322 bic
787 1255 879 1320 verba
910 1255 933 1342 ή
961 1253 1063 1345 εἰρήνη
1082 1264 1144 1326 τοῦ,

59 1376 131 1440 Θεοῦ
156 1372 267 1438 eodem
292 1372 385 1436 modo
408 1371 509 1457 accipi
530 1381 688 1458 nequeant
706 1381 799 1456 atque
821 1371 886 1438 illic
908 1371 930 1459 ἡ
954 1368 1055 1460 εἰρήνη
1082 1377 1139 1438 ταῦ

58 1488 192 1568 Χριστοῦ.
232 1483 394 1548 Brevitatis
424 1505 516 1549 causa
539 1505 625 1548 nunc
649 1483 738 1548 mitto
759 1484 924 1550 sententias
947 1508 965 1549 a
984 1483 1139 1570 probabili

49 1587 169 1682 'longius
198 1609 343 1664 remotas.
388 1597 568 1662 Generatim
598 1597 859 1664 animadvertatur
888 1609 1027 1686 oportet,
1045 1619 1138 1686 argu-

58 1721 189 1774 mentum
219 1733 327 1776 versus
355 1716 376 1778 6
403 1711 465 1776 tale
497 1733 578 1789 esse,
612 1723 648 1776 ut
676 1733 766 1776 versu
789 1709 1062 1798 7promissicnem
1082 1735 1137 1777 ex·
1205 1793 1212 1809 ,

57 1817 223 1908 spectemus
248 1825 339 1902 boni,
364 1824 448 1911 quod
478 1824 747 1915 Philippensium
774 1825 940 1905 desideria,
963 1826 1002 1892 ad
1023 1827 1138 1891 volun-

57 1917 141 2002 tatem
162 1940 220 2004 Dei
248 1938 428 2017 enunciata,
452 1943 487 2003 in
508 1940 610 2004 coetis
632 1926 773 2006 auditum
796 1939 1008 2007 iri'ostendat.
1041 1941 1138 2028 Atqui

56 2053 231 2136 exspectatio
248 2053 311 2118 illa
333 2053 489 2138 expletur,
515 2053 540 2117 si
561 2053 714 2118 formulae
734 2054 756 2140 ή
777 2051 880 2141 εἰρήνη
899 2059 956 2122 τοῦ
975 2058 1056 2122 Θεοῦ
1075 2056 1138 2119 bie-

55 2168 216 2253 tcnymiam
243 2167 342 2233 inesse
361 2145 539 2247 censemus,
565 2179 599 2233 ut
620 2167 859 2256 significetDei
875 2169 1137 2248 benevolentiam,

54 2278 297 2370 migetiana,
310 2284 483 2371 favorem,
506 2303 587 2369 quae
604 2280 818 2366 interpretatio
838 2303 952 2346 anonis
972 2293 1032 2360 est,
1051 2283 1139 2348 forti-

56 2401 95 2456 ter
116 2396 155 2460 ab
177 2418 335 2484 uanasrro
360 2395 485 2462 defensa
507 2392 567 2484 (l).
614 2396 653 2458 Et
669 2383 770 2472 sane,
789 2405 826 2458 ut
844 2393 879 2458 in
900 2395 1038 2460 oratione
1059 2397 1138 2461 sun

55 2516 136 2573 strata
168 2509 253 2576 nihi]
288 2520 349 2586 cst,
383 2509 468 2596 quod
490 2507 565 2576 huic
595 2505 841 2592 interpretationi
869 2507 1068 2587 adversetur,
1095 2509 1138 2575 ita

53 2620 166 2702 pondus
190 2623 223 2691 ei
256 2633 287 2688 et
313 2634 510 2690 momentum
532 2623 621 2688 affert
641 2621 829 2706 comparatio
851 2621 934 2687 vocis
957 2604 1048 2702 ubre,
1076 2644 1138 2710 qua

54 2731 179 2800 Hebraei
203 2735 246 2802 de
269 2740 357 2801 omni
379 2737 473 2814 bono,
497 2734 630 2822 ideoque
650 2733 744 2798 etiam
763 2733 802 2800 de
820 2733 1057 2816 benevolentia,
1080 2737 1139 2800 be·
1221 2797 1224 2802 .

54 2851 236 2936 nignitate,
255 2852 380 2934 jacere
404 2860 544 2914 utuntur.
590 2850 671 2913 Tum
691 2847 792 2932 primo
812 2846 960 2933 adspectu
983 2869 1140 2914 eamcon·

54 2957 171 3028 firmant
191 2963 274 3042 loci,
286 2964 353 3030 vubi
377 2963 578 3030 sectatoribus
600 2983 747 3039 casrsrr,
772 2963 819 3025 uti
837 2961 909 3048 Cap.
928 2963 960 3026 I:
980 2966 1019 3040 2,
1037 2960 1140 3051 εἰρήνη

54 3071 194 3142 divinitus
230 3087 403 3162 exoptatur.
450 3077 674 3144 Verumtamen
706 3073 732 3138 si
761 3096 888 3140 mecum
917 3087 1047 3161 reputo,
1071 3077 1140 3143 soci

52 3184 145 3277 εἰρήνη
171 3191 220 3258 ibi
246 3189 395 3276 praeponi
423 3187 515 3279 χάριν
541 3200 572 3253 et
594 3199 760 3274 utramque
779 3189 843 3274 peti
864 3187 927 3256 cino*
946 3191 1041 3272 Θεοῦ,
1062 3189 1139 3254 mibi

53 3296 259 3370 dubitandum
278 3325 343 3368 non
365 3297 504 3379 videtur,
530 3301 608 3388 quin
629 3301 697 3368 VV.
709 3300 773 3366 bl).
797 3300 994 3366 dissimilibus
1012 3303 1093 3367 inter
1108 3325 1140 3366 se
1213 3321 1215 3325 ·

52 3417 267 3502 comparandis
289 3416 356 3490 ,sibi
388 3415 529 3482 fraudem
557 3411 679 3479 saemnt.
725 3413 790 3478 Nec
823 3394 957 3480 formula
986 3413 1141 3506 α’·Κύριος

52 3533 102 3614 τῆς
131 3528 265 3620 εἰρήνης’
287 3534 308 3596 2
341 3529 457 3596 These.
488 3529 550 3593 III:
576 3530 639 3605 16,
661 3549 735 3592 cum
765 3527 794 3590 ei
817 3526 973 3592 adiectum
995 3529 1048 3594 sit:
1072 3528 1141 3622 δώῃ

49 3641 120 3722 ὑμῖν
139 3641 208 3730 Δτήν
236 3639 362 3730 ,εἰρήνην
396 3639 581 3720 διαπαντός,
614 3640 703 3706 aliter
736 3639 891 3726 explicari*
905 3653 1021 3728 potest,
1047 3665 1141 3732 quam

49 3751 211 3822 Dominus
227 3759 479 3846 pensamine.
518 3753 676 3820 'Similiter
696 3754 826 3820 verbani
848 3753 924 3836 Θεός
946 3764 1001 3844 τῆς
1025 3755 1143 3845 εἰρήνης

53 3867 143 3942 Rom.
176 3874 275 3940 XVI:
297 3877 357 3951 20,
391 3883 518 3958 propter
551 3871 712 3958 sequentia
747 3869 901 3958 συντρίψει
927 3871 980 3938 τόν
1002 3875 1142 3968 γσαεαναῑν

48 3986 108 4052 ind
123 3987 201 4067 τούς
215 3985 319 4064 πόδας
334 3989 424 4070 ’ὑμῶν
447 3990 480 4054 ἓν
503 3985 606 4070 τάχει,
632 3984 813 4070 explicanda
837 3995 909 4049 sunt
936 3981 1023 4068 Dens
1039 3986 1139 4071 pacis

47 4109 176 4165 unctor.
202 4103 246 4165 Et
261 4097 438 4166 locisPtil.
462 4101 521 4166 IV:
539 4104 570 4164 9.
591 4097 734 4165 lTlsesa.
745 4100 784 4167 V:
797 4103 850 4164 23.
879 4095 980 4161 Hebr.
990 4095 1080 4159 XIII:
1096 4099 1141 4161 20

77 4339 120 4408 (1)
136 4342 155 4390 Ι.
177 4359 201 4391 c.
221 4357 249 4406 p.
267 4339 301 4390 28
318 4355 370 4408 sqq.
388 4339 449 4389 Call.
468 4337 531 4388 Tem.
550 4336 625 4412 VIII,
637 4353 662 4401 p.
679 4339 738 4388 750.
837 4381 844 4408 ⁸
