2812 5032
413 389 480 432 cur.
503 368 542 431 ll.
567 389 653 432 uuus.
679 369 729 428 12.
762 375 797 409 ⁶
966 397 968 404 ·
1059 363 1121 424 169
1191 330 1194 338 V

63 565 147 641 uapu'c
163 555 252 620 altera
271 553 422 617 sententia
440 550 567 630 habeat,
592 573 654 639 quo
675 574 706 616 se
726 560 864 628 tueatur,
886 547 1029 614 orationis
1040 557 1119 610 stru·
1188 557 1191 565 '

46 679 161 731 cturam
178 667 219 730 sic
241 665 426 733 constituere
437 688 509 736 ,non
528 663 652 745 dubito,
673 675 724 742 ut,
746 664 846 730 serbis
867 660 973 740 καθώς
992 659 1121 730 πάντοτε

62 775 225 865 ὑπηκούσατε
245 790 392 866 tanquam
417 779 451 844 in
473 776 651 852 Parenthesi
670 777 773 862 positis
797 772 862 866 (l),
887 787 990 845 cetera
1014 794 1119 839 secum

61 903 153 956 mutuo
173 891 362 960 cohaereant.
563 873 607 963 t·
970 963 974 970 ,

44 1045 46 1050 1
92 1007 152 1070 lam
171 991 245 1070 illud
264 1002 473 1093 ὑπηκούσατε,
493 1006 519 1072 si
538 997 755 1102 praecedentia
773 1004 846 1070 inde
866 1027 885 1070 a
905 1005 1036 1076 versuti
1056 1023 1120 1067 uno

63 1128 151 1182 tenore
176 1119 336 1206 relegeris,
369 1120 496 1198 melius,
527 1119 594 1184 nisi⁴
613 1121 719 1200 fallor,
753 1117 924 1206 intelliges,
954 1137 1049 1204 quam
1082 1137 1120 1184 ex

62 1233 264 1306 commentariis
284 1253 402 1324 eorum,
423 1231 478 1318 qui
497 1231 546 1296 vel
564 1237 610 1326 τῷ
628 1232 805 1328 εὐαγγελίῳ,
824 1231 874 1296 rel
890 1235 936 1323 τῷ
954 1224 1049 1321 λόγῳ,
1071 1227 1120 1292 rel

61 1344 735 1436 spot,vel,uti1›nmcms,exemptoetus,
759 1349 939 1436 quiesque
963 1343 1012 1408 ad
1034 1365 1120 1408 mor·
1217 1382 1218 1385 =
1316 1368 1317 1375 ¹

61 1461 109 1518 ton
135 1459 286 1543 obedivit,
311 1461 441 1525 orationi
463 1460 627 1547 cogitando
645 1459 803 1526 adiiciunt.
849 1455 1121 1542 Quemadmodum
1220 1519 1224 1524 ,

60 1590 153 1656 nempe
177 1572 220 1638 ibi
245 1574 317 1659 plus
345 1573 456 1651 semel,
478 1575 571 1640 etiam
589 1584 657 1658 post
675 1595 783 1638 vocem
799 1568 953 1660 ὑπήκοος,
974 1570 1122 1636 reticetur

35 1679 112 1768 ,Det
128 1707 253 1769 nomen;
276 1689 320 1753 sic
339 1686 400 1754 hoc
418 1689 488 1752 loco
507 1710 641 1765 rannus,
660 1696 699 1766 ut
716 1707 848 1752 cnutum
866 1684 1035 1772 paucisque
1053 1682 1118 1748 aliis
1155 1767 1160 1778 ,

58 1796 138 1864 risum
163 1779 222 1883 est,
250 1804 285 1869 in
315 1815 420 1868 mente
445 1801 588 1868 habuisse
605 1800 727 1866 ridetur
745 1803 823 1892 Θεῷ.
863 1798 948 1864 Talia
966 1807 1050 1863 certe
1068 1795 1121 1862 hic

52 1905 128 1998 'sequi
142 1926 227 2000 puto,
250 1927 287 1982 ut
305 1917 418 1982 iniuria
435 1915 488 1981 fiat
507 1913 637 1991 auctori,
657 1913 716 1978 nisi
733 1913 989 2007 interpretemur':
1009 1934 1121 2001 quem-

56 2022 207 2097 admodum
240 2028 326 2118 (inde
345 2028 385 2093 ab
403 2051 439 2094 co
458 2039 613 2113 tempore,
640 2050 703 2114 quo
723 2017 850 2094 cumam
868 2039 1031 2093 sectatores
1049 2023 1122 2090 lacti

56 2133 121 2224 estis)
140 2161 267 2230 semper
286 2141 500 2206 obedientiam
524 2139 613 2231 (Deo)
626 2145 867 2232 praestitistis.
912 2141 1022 2226 Itaque
1040 2139 1121 2223 Apo-
1244 2225 1247 2230 ,

55 2249 130 2316 stolus
146 2275 164 2319 a
182 2254 346 2322 laudandis
356 2254 639 2346 Philippensibus,
659 2256 741 2342 quod
762 2255 802 2321 ad
819 2255 1012 2341 huncusque
1026 2253 1119 2332 diem,
1196 2339 1197 2342 Ἴ

54 2380 103 2445 quo
118 2365 286 2447 scribebat,
310 2367 462 2434 sentiendi
480 2381 510 2434 et
527 2369 639 2456 agendi
659 2369 809 2434 rationem
827 2391 899 2432 rere
916 2365 1118 2437 Christianam
1158 2363 1160 2366 ’

53 2479 132 2540 secuti
157 2493 260 2560 erant,
293 2481 474 2548 orau'onem
488 2482 619 2568 incepit,
649 2495 684 2548 ut
711 2494 742 2547 et
769 2481 886 2546 animos
914 2479 1118 2546 admonitioni
1156 2526 1159 2533 ·

51 2607 110 2652 suae
126 2593 321 2672 conciliaret,
343 2605 372 2659 et
390 2606 538 2682 tanquam
554 2596 635 2660 bene
654 2607 813 2678 currentes
831 2596 864 2660 in
881 2593 978 2660 stadio
994 2594 1032 2658 ad
1046 2616 1117 2660 cur·
1180 2569 1187 2580 ’

53 2717 108 2765 sum
123 2702 204 2771 haud
221 2707 492 2786 intermittendum
511 2710 662 2776 incitaret.
1105 2685 1108 2692 Δ

84 2815 292 2886 Admonitioni
318 2842 433 2886 rannus
462 2845 525 2887 non
550 2823 667 2909 solum,
695 2813 801 2890 verbis⁸
820 2823 941 2888 blandis
957 2822 1122 2910 Ἀγαπητοί

14 3017 19 3022 ¹
49 2949 115 3008 pov,
142 2933 277 3000 cantatis
304 2957 377 3000 suae
404 2935 642 3004 declarationem
659 2939 842 3024 praemittit3
866 2937 919 3004 sed
936 2937 1118 3025 priusquam
1217 2961 1220 2966 ·

51 3035 133 3106 illam.
153 3035 335 3142 proponat,
369 3047 498 3114 modum
527 3051 620 3116 etiam
648 3051 780 3117 ostendit
808 3053 873 3118 eius
902 3050 1117 3123 observandae.
1169 3079 1172 3082 ¹
1275 3069 1280 3076 ·

51 3147 174 3222 Ostendit
200 3145 310 3226 autem
336 3161 394 3238 ita,
422 3173 458 3226 ut
484 3184 638 3250 quaenam
667 3176 697 3230 et
715 3165 777 3243 sui,
798 3176 829 3230 et
848 3164 905 3230 Dei
922 3163 1064 3246 habenda
1082 3165 1121 3229 sit

52 3267 129 3346 ¹³5⁰,
155 3273 305 3362 deinceps
332 3289 512 3356 memoret„
538 3279 680 3344 Alterum
708 3267 752 3346 sic
770 3280 851 3368 agit:
874 3279 921 3366 μή
949 3279 991 3357 οἷς
1017 3281 1051 3344 ἓν
1079 3282 1122 3370 τῇ
1189 3334 1192 3345 ,

49 3384 183 3476 ummatp
210 3399 277 3470 μου.
305 3383 417 3471 μόνον,
438 3387 519 3454 attat
538 3395 593 3456 νῦν
612 3397 718 3483 πολλῷ
735 3396 855 3475 μᾶλλον
875 3393 908 3458 ἒν
927 3395 968 3482 τῇ
988 3389 1122 3482 ἀπουσίᾳ
1176 3469 1181 3472 ,

49 3511 115 3572 pov,
136 3495 175 3562 ,jd
204 3511 267 3564 est:
298 3523 378 3584 non,
408 3509 445 3566 ut
467 3504 527 3590 qui
544 3503 821 3592 ποποποποποποποῖ
840 3513 966 3571 tantum
980 3507 1122 3594 placere

48 3606 207 3695 ooluz'ctis,
232 3613 308 3678 ced
334 3637 418 3682 nune
447 3612 548 3679 multo
576 3623 706 3706 magis,
737 3641 808 3686 cum
840 3644 863 3684 a
891 3621 979 3690 vobis
1001 3620 1120 3686 absim.

49 3718 176 3792 Alterum
195 3731 350 3817 praecipit
368 3753 425 3796 usu
444 3730 595 3797 formulae
611 3734 688 3816 μετοί
709 3730 809 3819 φόβου
829 3737 880 3800 καὶ
894 3729 1030 3822 πρόμον,
1050 3752 1121 3796 oum

50 3835 154 3903 timore
182 3851 215 3905 et
235 3843 479 3930 trepidatione,
502 3864 581 3928 quae
602 3828 926 3932 breviloquentiam,
952 3867 988 3908 eo
1006 3843 1122 3906 tollen·

49 3942 95 4052 ‘lats
122 3955 206 4039 quod
234 3951 336 4020 serbis
358 3955 504 4043 expressis
522 3955 667 4021 addatur:
692 3979 732 4022 aa
750 3984 773 4023 a
792 3963 850 4024 cia
871 3957 1055 4047 desieclatis
1073 3957 1124 4021 rel

48 4055 136 4127 simile
163 4066 258 4153 quid,
288 4078 326 4132 ut
349 4067 441 4134 etiam
471 4067 592 4132 monuit
617 4061 793 4160 Interpone
823 4091 914 4134 vern.
939 4072 975 4132 ia
998 4067 1123 4134 Aunot.
1145 4133 1149 4139 ,
1175 4141 1188 4159 Ι

47 4211 268 4236 Ἢ

76 4301 107 4370 (l)
125 4309 161 4360 Sic
180 4327 278 4380 qnoque
298 4325 366 4362 coss.
388 4327 403 4360 ο
423 4325 522 4376 sirint,
547 4325 652 4376 astrue,
666 4322 804 4372 autumus,
823 4304 873 4354 alii.
