2812 5032
23 265 26 424 1
143 363 145 368 ’
297 345 300 352 ’
432 380 500 424 cnr.
524 357 562 422 11.
588 359 753 446 vnns211,
781 361 830 424 12.
1019 343 1021 348 ’
1118 361 1178 427 167

22 425 25 480 1

20 481 24 636 i
101 549 220 614 nent
247 568 277 612 c.
297 565 463 624 vonscrus,
489 543 619 632 perinde
650 544 772 625 dicem,
807 546 869 612 rive
897 543 1011 636 nepos
1040 547 1181 614 attributi

102 663 167 728 loco
197 669 352 738 sumatur,
381 681 435 725 seu
461 653 613 747 Χριστός,
633 680 729 745 quam
753 659 956 746 Interpretes,
980 659 1035 747 qui
1055 637 1119 726 hoc'
1135 659 1182 724 itti

99 775 285 860 praeferunt.
330 775 375 840 Ex
394 797 430 840 eo
450 773 550 851 enim,
573 773 657 861 quod
675 795 735 838 vox
756 771 872 862 Κύριος
890 774 1078 859 praeposita,
1100 779 1182 861 Χρι-

100 885 168 966 στός
186 887 352 975 postposita
376 900 438 966 est,
462 899 492 954 et
513 871 646 974 utraque
666 886 793 976 quidem
813 888 879 952 siue
897 887 1056 964 Articulo,
1076 887 1181 974 sequi·

99 1010 148 1065 tur
172 1000 255 1068 hanc
272 1022 377 1068 reram
396 1003 563 1070 verborum
583 1011 771 1070 structuram
792 1022 871 1066 esse:
893 993 940 1070 du
965 1001 1079 1091 Ἰησοῦς
1101 1007 1181 1089 Χρι-

98 1111 266 1194 cedrium
284 1113 407 1205 Κύριος.
449 1117 513 1182 Nec
530 1113 840 1203 praetermittendum
859 1127 920 1194 est,
937 1115 1182 1182 alterustruetu-
1273 1101 1277 1110 ’

98 1251 145 1306 ra,
178 1240 209 1294 et
233 1249 342 1296 nocem
370 1225 485 1316 Κύριος
516 1227 648 1294 notionis
671 1252 743 1297 suae
765 1229 969 1318 amplitudine
987 1229 1127 1308 destitui,
1148 1239 1181 1294 et

99 1343 208 1408 seriem
234 1343 379 1408 orationis
399 1366 417 1409 a
435 1363 525 1408 versu
548 1341 621 1408 inde
643 1347 663 1410 9
691 1329 875 1431 perturbari.
921 1342 983 1409 Sed
1008 1343 1042 1428 in
1071 1341 1180 1429 dispu-

69 1455 71 1462 '
98 1455 192 1522 tando
222 1454 321 1520 brevis
352 1477 416 1520 csse
443 1477 585 1542 possmu,
614 1455 762 1544 quoniam
779 1457 966 1544 Interprctes
988 1457 1055 1522 fere
1073 1477 1181 1525 omnes

97 1568 136 1634 ad
164 1567 410 1634 recentissimum
438 1583 539 1656 usque
569 1591 786 1636 nnrrurusrmr
819 1591 945 1636 mecum
974 1569 1180 1638 consentiunt.

98 1683 208 1770 itaque
231 1705 347 1749 rannus
367 1682 420 1748 htc
441 1681 499 1747 sibi
516 1683 595 1748 nelle
614 1683 750 1750 ridetur:
774 1692 807 1748 et
825 1692 1007 1768 ortonnes,
1025 1692 1181 1773 quotquot

98 1798 133 1860 tn
153 1798 257 1881 cocto,
280 1801 316 1862 in
335 1787 430 1862 ter'ro
452 1805 486 1862 et
505 1796 599 1887 opud
615 1795 752 1888 Inferos
773 1806 866 1882 sunt,
892 1798 1016 1890 ΒειυηἸ
1038 1796 1180 1863 Patrem

98 1931 164 1976 rrsn
184 1933 312 1978 cumsur
335 1910 489 1977 lendibus
509 1912 731 1994 celebrarent,
744 1911 837 2000 quod
849 1911 933 1976 dune
942 1899 1072 1978 Fileum
1086 1933 1179 1976 snum
1259 1941 1264 1945 ·

98 2023 292 2114 Prn'ncipem
306 2025 436 2112 fecerit
456 2029 556 2114 regne¹
577 2023 707 2093 niuno.

558 2301 644 2344 vens.
673 2281 723 2341 12.

141 2477 298 2544 Orationis
326 2479 413 2566 sequi
426 2480 687 2572 “conclusionem,
716 2469 869 2544 Particula
894 2469 989 2557 ὥστε,
1009 2477 1034 2542 a''
1048 2497 1110 2562 qua
1128 2475 1182 2544 hic

97 2613 201 2659 versus
232 2593 357 2679 incipit,
380 2594 468 2658 nobis
494 2591 610 2658 indicio
629 2603 690 2670 est,
715 2603 753 2657 ut·
769 2603 892 2679 praeter
909 2591 984 2656 alios
1002 2575 1182 2657 ministravit

99 2727 256 2773 woirros.
302 2706 363 2772 Sed
391 2705 546 2794 quomodo
574 2706 627 2771 illa
655 2705 800 2772 orationis
823 2704 981 2771 conclusio
1002 2704 1181 2785 schabest,

99 2841 224 2898 vereor,
254 2843 295 2885 ne
320 2819 411 2884 multi
430 2822 615 2908 interpretes
633 2821 735 2886 minus
754 2819 976 2906 perspexerint.
1022 2817 1184 2906 Quotquot

100 2933 182 2996 enim
205 2933 247 2997 ita
272 2931 429 3012 iudicant,
456 2955 582 2999 rsonnu
602 2955 687 3000 nunc
707 2933 808 2999 redire
831 2933 871 3000 ad
895 2920 1121 3000 admonitiones*
1143 2931 1184 2998 de

99 3057 209 3112 mutua
230 3044 394 3112 hominum
413 3047 555 3124 caritate,
571 3069 614 3114 rs.
637 3050 697 3114 1-t
716 3042 902 3134 propdsitas,
923 3045 1009 3113 hunc
1027 3045 1183 3116 inlocum

94 3170 248 3246 tanquam
273 3157 393 3224 hiatum
411 3159 582 3241 inducunt;
609 3159 864 3251 quandoquidem
883 3170 992 3226 auctor
1020 3181 1064 3227 vs.
1088 3161 1183 3237 5-11,

99 3273 185 3338 nulla
203 3262 299 3359 plane
313 3272 406 3338 hnirn
425 3274 558 3342 caritatis
578 3274 658 3339 facta
678 3273 852 3350 mentione,
870 3273 1039 3363 periectnm
1057 3293 1196 3338 cnarsrr

93 3367 226 3451 tantum-
249 3385 407 3471 praedicat
430 3386 646 3451 obedientiam
672 3395 704 3452 et
726 3385 915 3472 singularem
937 3388 1008 3451 eius
1029 3407 1184 3478 remune-

98 3502 274 3564 rationem.
304 3499 459 3564 Nimirum
479 3499 569 3586 quod·
582 3499 856 3590 Philippensibus
868 3499 1020 3594 praecipit
1040 3498 1079 3566 de
1093 3500 1185 3567 unius

100 3612 143 3676 rei
174 3612 293 3690 studio,
324 3611 438 3678 deinde
463 3615 667 3702 conspicuum
698 3615 735 3678 iis
768 3612 843 3678 facit
871 3613 1026 3681 laudando
1057 3636 1185 3682 currem
1230 3624 1235 3637 ·

99 3728 251 3812 exemplo.
298 3728 379 3794 Hinc
398 3728 547 3810 continuo
572 3727 708 3794 excurrit
728 3727 766 3793 ad
787 3727 1093 3808 commemorandam
1114 3728 1185 3816 glo-

99 3842 193 3919 riam,
223 3857 319 3926 quam
339 3833 495 3921 'cunrsnus
517 3840 744 3926 perseverantia
764 3839 886 3927 pietatis
910 3852 942 3907 et
965 3840 1085 3905 virtutis
1106 3863 1186 3907 con-

98 3965 223 4020 secutus
248 3965 302 4020 est.
347 3956 428 4020 Tum
452 3975 525 4019 vero
546 3952 672 4020 ducitur
694 3953 734 4019 ad
756 3955 912 4022 monitum
944 3952 1106 4044 generale,
1129 3976 1187 4022 eo-

99 4065 171 4132 dem
200 4065 294 4132 modo
322 4066 387 4133 cius
416 4066 616 4133 sectatoribus
642 4067 902 4152 perseverandum
932 4085 1014 4144 eoae,
1044 4076 1080 4132 nt
1111 4066 1187 4136 hea-

99 4179 187 4246 titatc
209 4181 276 4245 veri
295 4179 428 4246 nominis
452 4157 619 4266 potiamur.
664 4181 769 4267 Atque
786 4181 832 4246 sic
850 4179 947 4246 oratio
966 4179 1114 4267 deinceps
1135 4203 1187 4250 se-

100 4295 145 4358 rie
182 4305 334 4382 perpetua
364 4295 403 4360 ab
435 4294 499 4361 aliis
532 4295 567 4360 ad
598 4293 656 4368 alia
675 4295 831 4381 procedit,
859 4305 894 4358 ut
912 4305 980 4380 post
1001 4315 1186 4376 cncvrnun,
