2808 5032
401 407 469 450 arr.
492 385 547 450 lll.
573 406 656 448 vens.
684 388 734 450 18.
989 441 1010 480 ,Χ
1043 389 1106 450 255

54 594 172 637 eronus
196 571 333 658 *aliique5
354 572 495 636 orationi
517 570 696 636 adiicientes
720 571 837 646 aliter,
869 571 965 659 longe
989 571 1108 647 aliter,

54 687 93 749 rel
119 685 212 748 similo
231 684 316 772 quid.
363 684 473 767 Qualia
495 696 615 759 tamen,
640 705 713 747 cum
732 706 790 748 neo
808 683 842 747 in
868 695 971 747 mente
994 683 1110 747 fuerint

55 797 185 876 auctoris,
215 820 316 884 nequo
337 799 376 863 ad
396 797 579 882 sententiam
601 796 665 860 oiuo
683 795 917 882 intelligendam
942 795 1111 862 necessaria

55 909 117 986 sint,
138 909 208 976 hino
231 911 363 976 arcenda
381 910 539 988 videntur,
563 921 597 977 ut
616 909 697 975 bone
711 920 815 972 monet
832 910 1050 975 niernrnsrus.
1074 911 1112 974 Et

38 1027 124 1086 'reete
152 1023 233 1088 idem
261 1023 315 1088 ille
335 1047 497 1090 soonaruu
520 1001 648 1110 refutat,
681 1043 926 1100 aerumnosum,
948 1044 1110 1100 rmrrurr,

56 1137 99 1218 qui
118 1135 251 1203 Verbum
276 1144 470 1226 περιπατοῦσι
497 1135 630 1200 reddunt
651 1137 758 1200 Latino
779 1137 1017 1201 'oireoIooturs
1047 1136 1113 1200 llao

56 1248 125 1311 enim
153 1235 402 1336 interpretatione
435 1250 585 1315 deseritur
617 1250 701 1315 notio
725 1253 825 1342 vitem
845 1249 987 1340 agendi,
1016 1271 1114 1335 quam

57 1344 152 1424 Versus
160 1361 352 1446 praeoedens
371 1351 445 1427 huie
456 1363 576 1442 Verbo,
593 1347 765 1429 seeundum
777 1363 926 1450 loquendi
939 1383 1032 1428 usum
1042 1363 1114 1426 Hel-

56 1471 215 1540 leniotarum
235 1475 414 1562 proprium,
437 1477 588 1542 vindicat„
627 1477 731 1558 Quare
755 1487 785 1540 ot
806 1475 1020 1564 nequidquam
1038 1499 1114 1562 pro·
1159 1481 1176 1535 ,’

57 1599 149 1652 vocant
174 1589 211 1654 ad
241 1593 257 1652 1
283 1589 355 1654 Pet.
379 1590 424 1656 V:
448 1595 469 1656 8
495 1590 745 1656 aut-,huiusmodi
770 1593 852 1656 locos
873 1592 988 1676 plures.
1033 1591 1116 1658 Dicit

55 1699 292 1786 igiturrrunns:
325 1699 432 1766 Multi
455 1706 540 1767 enim
563 1708 666 1769 vitam
692 1713 815 1794 agant:
845 1716 913 1768 tum
936 1705 979 1770 s'ic
997 1707 1114 1793 pergit:

56 1807 98 1889 ode
121 1811 262 1893 πολλάκις
285 1813 384 1900 ἔλεγον
410 1815 502 1899 ὑμῖν,
530 1797 585 1883 ado
605 1818 647 1884 δὲ
659 1821 709 1884 καὶ
729 1818 840 1885 κλαίων
859 1818 954 1903 λέγω,
973 1817 1043 1896 rode
1063 1821 1118 1902 ἕχ-

56 1924 137 2010 θροΰς
161 1934 215 1995 τοῦ
236 1931 370 2016 σταυροῦ
388 1933 444 1995 τοῦ
463 1933 608 2018 Χριᾳτοῦ.
650 1930 868 1996 Accusatimm
888 1929 959 2010 rode
984 1927 1119 2019 ἐχθρούς

56 2035 206 2106 thiodem
226 2042 338 2110 Verbis
359 2041 470 2127 ἔλιγον,
486 2041 612 2128 ettlyo
641 2041 793 2128 pendere,
817 2066 854 2110 ao
880 2044 1119 2129 praecedentem

56 2142 111 2231 oia,
132 2154 261 2247 quiqqne
281 2177 335 2220 sua
358 2167 467 2241 sponte
487 2155 617 2235 videbit3
641 2155 694 2220 sed
721 2150 884 2242 hunc'pro
907 2157 1118 2236 Nominatum,

57 2271 85 2323 ul
101 2261 176 2330 haud
196 2267 304 2355 paucis
322 2269 426 2354 placet
445 2267 684 2352 Interpretibus,
701 2269 836 2354 positum
856 2290 936 2346 esse,
956 2281 1028 2334 ante
1044 2293 1120 2336 con·

57 2374 152 2442 redere
179 2403 319 2470 nequeo,
342 2403 438 2468 quam
465 2379 542 2445 mihi
569 2379 733 2466 probatum
756 2381 810 2458 sit,
836 2391 867 2446 et
892 2381 966 2448 alibi
986 2382 1120 2448 alterum

44 2485 151 2556 'lluum
171 2493 282 2560 eodem
310 2493 404 2560 modo
424 2515 500 2571 oum
519 2495 616 2559 altero
637 2489 823 2581 permutari,
846 2505 876 2560 et
898 2491 980 2561 hano
1009 2495 1121 2562 oratio-
1228 2513 1229 2516 ’
1312 2478 1314 2480 ’

59 2619 120 2665 nem
145 2605 238 2672 talem
270 2629 354 2685 ereo,
386 2617 435 2684 ut,
466 2607 649 2686 decusatim
674 2609 708 2674 in
729 2608 970 2694 Nominativutn
984 2604 1121 2689 mutato,

59 2711 125 2779 nihil
138 2719 269 2805 amplius
287 2719 486 2819 deeideretur.
531 2720 565 2785 si
586 2722 656 2808 quie
673 2721 748 2788 huie
767 2721 918 2786 desiderio
931 2723 1123 2789 eatislmtum
1228 2769 1230 2774 ν

59 2837 133 2908 putat
152 2853 171 2897 a
190 2855 330 2911 nnoqro,
362 2855 467 2900 ritmo
492 2834 637 2922 aliisque,
668 2845 821 2923 quotquot
839 2834 1073 2926 Verhis‘i‘teyov
1092 2848 1124 2902 et

59 2939 124 3026 λέγω
142 2947 518 3038 notionem·eppelloodt'
537 2948 689 3027 tribuant,
713 2949 753 3015 ab
772 2972 809 3016 eo
824 2971 951 3037 qnoque
962 2949 1122 3016 dissentio:

60 3057 193 3136 quoniam
211 3061 337 3126 Datims
357 3063 453 3150 (ὑμῖν)
474 3063 623 3150 coniungi
640 3084 703 3127 non
721 3064 799 3127 solet
820 3085 894 3130 eum
914 3062 1018 3131 Verbo
1034 3059 1124 3148 λόγω,

60 3164 105 3229 uhi
118 3169 208 3244 „lrane
237 3175 523 3260 interpretationem
549 3175 607 3240 sibi
638 3176 780 3260 postulat.
836 3175 993 3241 Articulus
1021 3185 1125 3240 autem

60 3279 135 3362 τούς,
154 3307 249 3372 quem
265 3289 341 3353 ,satis
362 3287 453 3353 multi
471 3289 690 3376 neglexerunt,
712 3300 833 3353 tantum
853 3289 938 3352 abest
956 3299 991 3352 ut
1011 3287 1126 3354 rodun·

60 3389 122 3474 det,
151 3375 194 3464 ut⁸
209 3403 354 3481 inserviat
370 3402 409 3468 ad
429 3425 527 3490 genus
548 3400 728 3480 hominum,
753 3401 837 3487 quod
859 3401 1056 3487 perversitate
1070 3425 1126 3466 sua

61 3509 200 3593 emineat,
228 3515 268 3582 ab
297 3516 362 3580 aliis
388 3515 652 3604 distinguendum.
697 3517 780 3602 Ergo
803 3525 884 3603 quae
902 3513 963 3580 hoo
981 3514 1014 3578 in
1037 3512 1141 3586 versu

61 3621 151 3690 media
179 3639 250 3694 sunt
278 3629 343 3694 sine
378 3630 523 3716 scrupulo
545 3629 726 3694 reddantur:
754 3650 834 3716 quoa
860 3650 959 3717 saepe
983 3629 1125 3694 dicebam

60 3735 156 3816 vobio,
177 3764 262 3808 nune
279 3751 388 3808 autem
411 3751 444 3807 et
462 3745 652 3834 lacrymans
670 3741 755 3807 dieo.
794 3743 953 3824 Postrema
971 3763 1043 3807 vero
1063 3763 1126 3806 non
1173 3773 1175 3781 2

61 3855 235 3934 interpretor
255 3877 328 3921 oum
350 3877 495 3920 terreno
517 3866 547 3920 et
564 3855 668 3921 multis
684 3854 751 3919 aliis
762 3875 816 3918 eoo
828 3877 899 3920 esee
913 3855 1125 3920 adversarior

61 3965 162 4027 moto
183 3988 325 4048 oneror13
350 3968 404 4034 sed
424 3990 478 4032 eoo
496 3989 577 4050 eree,
594 3971 653 4056 qui
669 3967 865 4033 adversarii
876 3970 985 4033 erario
999 3987 1125 4031 onnrsrr

62 4070 138 4134 tint:
169 4077 190 4144 i.
215 4103 242 4146 e.
273 4083 306 4146 in
336 4103 413 4169 quos
438 4103 553 4147 nomen
578 4079 657 4144 illud
682 4060 924 4168 ignominiosum
958 4100 1032 4144 oum
1059 4100 1129 4144 ma-

61 4179 135 4248 ¹lme
165 4191 262 4260 cadat.
307 4197 410 4282 Atque
442 4195 484 4261 sie
514 4193 655 4263 Verbum
672 4190 748 4260 εἶναι
778 4192 906 4267 orationi
928 4201 1048 4258 tantum
1075 4213 1127 4258 oo-

62 4292 180 4376 outre
208 4304 318 4376 adiieio
344 4330 417 4399 eum
445 4331 538 4388 nezi,
563 4307 616 4396 qui
644 4306 831 4376 laudabilem
852 4303 995 4376 adhunc
1022 4306 1127 4372 locum
