2808 5032
268 387 333 450 256
639 405 706 447 (llo.
731 384 786 462 lu.
812 407 894 448 vrns.
923 349 973 450 ls'.

266 567 483 632 illustrandum
507 567 646 633 adhibuit
666 568 868 656 diligentiam.
914 569 946 634 Si
967 569 1119 642 coniicere
1139 569 1258 647 liceret,
1282 593 1341 636 an·

270 681 438 767 tiqoissimo
460 681 521 746 iom
541 693 681 767 tempore
702 681 843 748 homines
861 683 1000 767 exempla
1020 681 1208 766 corrupisse,
1230 694 1264 746 ut
1285 707 1341 769 pro
1364 753 1368 760 ,

266 795 309 871 αῖς
329 794 498 858 scriberent
516 790 588 874 οὕς,
609 797 700 860 unios
718 817 791 862 sane
812 797 920 862 literne
941 795 1111 861 mutatione
1129 795 1243 874 omnis,
1258 816 1344 882 nune

266 917 418 985 remanet,
444 905 607 972 difficultas
627 907 688 975 hoc
711 929 747 974 er
774 931 862 978 vorsu
882 921 1085 976 amoveretur.
1132 910 1245 974 Sensus
1262 910 1345 974 enim

266 1020 408 1084 orationis
427 1019 478 1086 hio
493 1023 669 1087 exsisteret:
693 1020 805 1088 Multi
826 1025 911 1088 enim
931 1025 1032 1088 vitam
1050 1031 1175 1112 agunt,
1193 1021 1344 1110 wemed-

264 1132 392 1198 moolom
420 1155 519 1223 saepe
551 1134 697 1200 dicebam
724 1136 831 1219 uobis,
858 1158 943 1202 nuno
970 1144 1076 1202 atatem
1098 1143 1132 1198 et
1154 1132 1345 1220 hemmam

264 1246 357 1326 dico,
386 1268 458 1330 eoo,
495 1249 557 1336 qui
584 1247 780 1312 aduersarii
814 1251 884 1312 os'nt
912 1252 1024 1314 crucio
1054 1269 1198 1326 cnmsrr,
1232 1246 1345 1333 [uitam

262 1359 391 1449 ogero}
435 1359 496 1426 Sed
522 1341 596 1426 cuni
616 1361 656 1426 de
677 1383 731 1438 eo,
754 1361 846 1448 quod·
863 1360 957 1450 vulgo
982 1361 1100 1426 editum
1123 1371 1188 1438 est,
1214 1381 1345 1436 omnes,

263 1485 415 1561 quantum
447 1473 534 1552 nori,
568 1473 761 1540 consentiant
779 1473 868 1551 libri,
888 1473 923 1539 in
943 1473 1099 1559 proposita
1117 1472 1347 1540 subsistendum

262 1599 306 1652 est
328 1587 590 1672 interpretatione.
636 1589 744 1674 ltaque
763 1585 969 1672 appellatione
982 1585 1255 1652 adversariorum
1268 1609 1347 1652 eru·

234 1685 236 1690 ·
260 1705 309 1767 cis
337 1721 465 1766 onmsrr
497 1723 614 1766 »sonos
637 1700 754 1765 notarit
774 1699 929 1777 homines,
953 1699 1008 1786 qui
1029 1721 1191 1766 omousi
1217 1699 1347 1786 quidem

261 1811 385 1899 publice
410 1813 650 1898 profitebantur,
674 1813 728 1883 sod
749 1823 913 1878 sectatores
933 1812 1005 1879 eius,
1020 1823 1142 1878 tentum
1167 1823 1254 1881 erant
1274 1835 1349 1898 per·

260 1927 372 2004 monti,
405 1947 478 1992 cum
506 1928 600 1994 vitam
629 1937 759 2016 agerent
783 1927 927 2012 igmmn
946 1935 977 1991 et
997 1925 1177 1992 dissolutum
1199 1936 1230 1990 ct
1249 1947 1347 1992 com-

121 2027 153 2048 ''
259 2039 439 2104 munionem
457 2040 612 2104 malorum
632 2039 698 2104 eius
716 2039 846 2124 turpiter
869 2039 1023 2126 ingerent.
1069 2039 1285 2122 Quamobrem
1300 2039 1347 2104 di-

260 2150 396 2239 gnissimi
431 2149 478 2214 illi
508 2151 651 2230 fuerunt,
685 2151 798 2238 quibus
834 2149 1038 2238 ignominiosa
1068 2151 1348 2218 aduersariorum

259 2269 368 2331 ostreis
393 2285 521 2330 cernor
542 2275 613 2330 noto
637 2247 798 2350 prae'aliis
819 2265 1005 2330 inureretur,
1036 2263 1253 2350 Repeterehlc
1270 2267 1347 2330 nolo

258 2364 348 2465 sopra
375 2379 438 2446 iam
470 2378 623 2464 dispnma
654 2377 713 2467 (1).
759 2376 819 2444 Sed
846 2378 902 2463 qui
923 2377 1137 2464 appellationis
1157 2399 1284 2444 oausam
1310 2379 1347 2444 iu

257 2492 477 2580 propagatione
495 2491 718 2578 superstitionis
735 2491 884 2569 Iudaeae,
906 2513 986 2578 quae
1006 2490 1216 2561 sedocuinae
1237 2492 1345 2558 crucis

257 2617 441 2690 opponeret,
466 2604 674 2691 qsraerendrm
701 2626 766 2670 esse
788 2604 970 2690 opinantur,
989 2605 1173 2671 sententiam
1196 2604 1286 2670 huuc
1306 2605 1343 2669 in

256 2719 360 2781 locum
392 2717 575 2804 important,
604 2719 742 2807 quaein
770 2719 938 2784 orationem
965 2717 1097 2784 incurrit
1123 2717 1265 2802 proxime
1289 2741 1344 2784 se—
1402 2709 1403 2728 ³

255 2825 485 2919 quentem'(2).
531 2828 623 2896 Haud
650 2830 713 2899 scio
743 2853 886 2918 quoqne,
910 2853 951 2896 ao
982 2853 1115 2905 rnunos,
1137 2832 1163 2896 si
1185 2829 1268 2896 hanc
1293 2833 1341 2896 si-

253 2943 416 3008 multatem
435 2963 510 3007 voce
525 2938 663 3030 ἐχθρούς
680 2943 818 3008 indicare
838 2939 1218 3023 νοιιει,1ηῑοιὼιωωός
1238 2945 1340 3009 ornis-

253 3077 341 3120 suros
370 3055 484 3121 fnisset.
530 3056 648 3122 Verum
670 3055 694 3118 si
724 3056 828 3121 oculos
854 3058 1059 3122 convertimus
1080 3055 1118 3122 ad
1139 3079 1191 3126 vso
1209 3059 1261 3136 17,
1287 3059 1337 3122 ln-

226 3177 229 3184 '
253 3169 394 3236 colenter
422 3167 511 3234 nobis
538 3180 691 3255 apparete
705 3169 888 3255 Apostolum
909 3169 984 3236 alios
1006 3171 1040 3236 in
1065 3181 1169 3234 mente
1187 3191 1251 3236 non
1275 3169 1336 3236 hn-

253 3282 353 3348 buisse
371 3281 531 3365 homines,
554 3304 648 3370 quaro
667 3281 804 3350 societati
818 3281 1004 3351 Christianae
1022 3282 1166 3350 inessent.
1188 3283 1229 3347 Hi
1247 3285 1335 3350 enim
1400 3263 1401 3298 ³

254 3396 312 3460 soli
334 3396 610 3486 Philippensibus
632 3396 772 3483 exemplo
793 3417 849 3462 suo
865 3417 978 3462 nocere
995 3407 1152 3481 poterant,
1174 3395 1334 3464 ludaeiat

253 3509 291 3571 iis
312 3510 421 3572 remoti
441 3530 504 3574 non
522 3509 606 3576 item.
654 3508 745 3592 Quod
765 3521 870 3574 antem
890 3531 1062 3576 concessos
1080 3533 1102 3575 s
1124 3531 1235 3576 nsornn
1253 3531 1332 3576 con-

145 3601 148 3606 ’
255 3620 367 3699 tendit,
396 3621 630 3689 Corinthiense
658 3621 712 3687 hic
741 3624 856 3696 notari,
889 3633 921 3688 ot
948 3621 1058 3688 similia
1086 3623 1208 3710 longius
1233 3646 1251 3688 a
1273 3622 1335 3688 fide

119 3741 124 3746 ’
165 3806 168 3810 ,
254 3732 434 3834 discedunt,
455 3755 549 3820 qnam
571 3747 606 3800 nt
626 3757 661 3802 sa
682 3735 824 3804 refellere
844 3757 919 3820 opus
940 3735 987 3802 sit.
1033 3717 1177 3802 Ceterum
1195 3759 1333 3810 rannus,
1398 3761 1399 3812 t

255 3917 488 3930 ,ῥ-ῆ--ηη-
493 3919 510 3925 .-

227 4014 230 4018 .
288 4035 323 4106 (1)
342 4037 444 4086 [retroit.
462 4050 489 4100 p.
505 4035 550 4099 14,
569 4037 612 4083 16.

289 4127 328 4195 (2)
346 4127 470 4194 Opinionis
487 4125 554 4176 illios
571 4127 692 4192 patronis,
711 4111 768 4191 qnos
785 4139 854 4192 sopra
872 4127 1036 4189 indicavimus,
1053 4126 1197 4192 adiungatur
1207 4135 1332 4188 nomos,

253 4223 348 4284 Sor-ips.
370 4223 426 4269 ναν.
444 4219 553 4287 Argoos.
571 4235 597 4286 p.
618 4221 679 4280 175,
698 4221 740 4286 qni
757 4219 876 4268 rationum
889 4221 971 4270 'tarnem
989 4219 1129 4270 desiderium
1141 4217 1331 4268 haodsesusre·

157 4301 160 4308 ’
254 4311 343 4377 linquit
360 4321 430 4378 atque
449 4312 505 4379 alii,
523 4314 567 4380 qui
583 4327 635 4362 com
654 4329 681 4362 eo
699 4312 856 4364 consentiunt.
