2812 5032
255 389 316 452 172
591 407 658 452 aar.
682 387 722 452 11.
748 409 832 452 rme.
860 391 909 464 12,
939 391 990 454 13.
1032 343 1036 354 Ι

253 571 430 658 exemplum
458 593 509 636 me
533 593 665 658 usquam
697 573 802 658 legero
830 574 968 638 memini.
1014 572 1157 644 Ceterum
1186 573 1323 642 formulas
1394 541 1395 618 l

137 763 141 768 ,
217 719 224 736 ·
252 686 466 754 circumiectas
486 685 565 768 perol
593 683 692 772 φόβου
720 687 770 752 καὶ
800 688 913 770 τρόμον
942 696 973 752 et
997 687 1016 752 d
1044 688 1169 776 ἐνεργῶν
1199 689 1231 754 ἐν
1258 688 1324 787 ὑμῖν
1394 725 1395 742 ÷

254 800 407 894 graviores
429 819 495 864 esse
516 810 607 884 puto,
632 819 727 886 quam
750 811 785 864 ut
805 799 1022 884 admonitioni,
1045 799 1178 870 aliorum
1197 821 1324 866 commo

253 915 292 980 da
311 911 519 1000 promovenda
542 933 621 990 esse,
644 923 744 1000 aeque
765 913 965 991 conveniant,
983 923 1076 1000 atque
1090 913 1326 1000 interpretationi

252 1029 383 1118 vulgari.
429 1026 490 1092 Sed
512 1025 573 1094 hoo
594 1027 697 1092 miuus
715 1047 829 1116 urgere
848 1028 934 1107 volo,
959 1049 1052 1115 quam
1065 1027 1209 1094 orationis
1224 1025 1326 1092 seriem
1395 1093 1396 1104 q

253 1165 317 1209 non
337 1141 472 1228 intelligi
495 1140 535 1206 ab
555 1139 609 1218 iis,
634 1139 689 1226 qui
712 1139 786 1206 inde
809 1151 1030 1229 argumentum
1051 1151 1158 1226 petant
1179 1139 1326 1226 interpre-
1395 1221 1396 1230 ρ

252 1255 375 1322 tationis
401 1255 483 1318 illius
506 1252 765 1342 oppugnandae·
789 1254 888 1341 Supra
911 1255 994 1320 enim
1021 1253 1167 1341 probasse
1188 1251 1266 1318 mibi
1285 1251 1327 1316 ri-

254 1368 343 1447 deor,
368 1389 494 1434 raoauu
513 1366 553 1432 ab
573 1365 674 1434 officio
693 1366 826 1432 caritatis
843 1379 969 1433 mutuae
984 1366 1230 1434 commendando
1248 1364 1327 1431 dolu-
1395 1363 1396 1368 ’

235 1465 326 1571 'ceps
359 1482 402 1547 ita
433 1501 631 1569 progressum
655 1501 737 1567 esse,
765 1489 801 1546 ut
831 1493 1022 1566 postremum
1052 1480 1329 1546 remunerationem

255 1595 461 1673 obedientiae,
496 1615 592 1681 quam
618 1615 770 1658 canterus
798 1594 864 1660 Ileo
892 1594 1106 1680 praestitisset,
1138 1603 1327 1682 proponeret.
1396 1615 1397 1660 t

254 1712 323 1776 Iam
346 1711 419 1774 vero
450 1706 682 1774 conclusionem
714 1704 792 1770 mihi
820 1707 972 1793 aptiorem
997 1693 1196 1794 quambene
1219 1706 1329 1794 tingere

255 1845 389 1910 nequeo,
409 1821 549 1886 similiter
565 1842 582 1884 a
604 1818 878 1910 Philippensibus
889 1821 954 1888 Deo
971 1818 1179 1886 obediendum
1200 1841 1281 1898 esse,
1299 1829 1329 1884 ut

255 1936 511 2004 remunerationis
537 1933 569 1998 in
590 1955 752 1999 cnnrsrmr
775 1933 904 2000 collatae
921 1933 997 2000 fiant
1013 1933 1187 2021 participes.
1232 1934 1329 1998 Altera

254 2052 350 2141 igitur
372 2049 436 2120 eius
454 2059 558 2134 parte,
579 2060 618 2112 ut
642 2046 790 2126 vidimus,
810 2043 992 2133 praemissa,
1017 2035 1149 2112 alterum
1172 2047 1216 2114 sio
1238 2069 1328 2112 enun-

236 2167 316 2236 ciat
336 2174 459 2230 auctor:
481 2169 625 2227 cadram
648 2165 721 2252 ipsi
738 2162 924 2226 beatitatem
938 2159 1101 2251 perficite.
1147 2161 1200 2228 Sic
1224 2181 1328 2247 nempe

255 2281 430 2346 Pronomeu
453 2277 573 2346 ἑαυτῶν
593 2275 719 2343 Marta.
742 2277 860 2340 XXIII:
883 2279 936 2343 31.
959 2275 1035 2342 Act.
1054 2275 1144 2340 XIII:
1166 2278 1220 2342 46.
1241 2273 1327 2340 Rom.

254 2395 300 2464 ll:
325 2396 376 2458 14.
400 2392 474 2456 XII:
499 2395 549 2458 19.
573 2394 593 2456 2
617 2389 693 2458 Cor.
716 2389 779 2454 lII:
805 2392 819 2454 1
843 2389 971 2476 aliisque
998 2390 1032 2455 in
1051 2389 1127 2456 locis
1147 2409 1243 2476 quam
1260 2390 1328 2475 plu-

254 2507 340 2572 rimis
363 2506 515 2583 occurrit,
528 2517 564 2570 ut
584 2505 672 2570 nobis
690 2505 869 2570 facultatem
881 2504 1027 2590 praebeat
1044 2501 1097 2569 bic
1112 2500 1329 2589 interpretandi

252 2598 397 2686 cestram
428 2622 514 2709 apsi,
544 2609 608 2685 non
636 2639 726 2696 vero,
751 2628 787 2682 ut
813 2616 880 2681 ficri
901 2617 993 2694 solet,
1013 2623 1156 2681 vestram
1176 2618 1328 2704 ipsorum.

175 2783 180 2791 ·
250 2734 392 2802 Verbum
421 2744 526 2796 autem
555 2727 773 2816 κατεργάζεσθε
803 2752 877 2796 cum
905 2751 1133 2808 canrsosrosro
1159 2740 1191 2794 et
1213 2728 1328 2816 optimis

251 2845 428 2933 quibusque
450 2844 709 2929 Interpretibusa
729 2842 871 2927 Simplici
894 2837 1061 2929 ἐργάζεσθε
1079 2830 1329 2931 distinguendum

245 2981 330 3046 nosse,
355 2968 477 3045 praeter
506 2956 580 3022 alios
609 2956 691 3021 bene
721 2953 854 3020 ostendit
890 2975 1029 3022 caunac.
1075 2955 1165 3022 Unde
1188 2965 1326 3042 apparet,

250 3073 407 3150 homines,
432 3093 496 3134 non
519 3067 712 3134 obedientiae
733 3068 947 3147 immemores,
970 3067 1023 3133 sed
1044 3067 1108 3134 eius
1120 3068 1210 3134 valde
1221 3067 1328 3134 studio·

159 3169 168 3180 ⁸
251 3211 298 3253 sos
328 3185 381 3252 hic
410 3182 588 3260 admoneri,
621 3193 657 3246 ut
684 3181 783 3267 viam,
817 3203 912 3268 quam
941 3181 1071 3269 ingressi
1091 3181 1167 3261 sint,
1186 3193 1327 3268 perpetua

252 3325 327 3369 cura
349 3323 386 3368 ac
408 3297 570 3387 diligentia
592 3306 827 3394 persequantur.
901 3311 916 3398 γ

714 3522 797 3566 rens.
823 3503 874 3566 13.

293 3639 506 3708 Admonitioni
526 3659 643 3704 nautas
665 3637 787 3724 pondus
811 3647 842 3702 et
867 3609 1063 3704 momentum
1080 3638 1187 3706 adiicit
1198 3640 1326 3709 scriben-

248 3759 304 3840 do:
325 3755 360 3822 Ὁ
381 3751 457 3828 etta
476 3748 535 3837 γάρ
555 3754 636 3818 ἐστιν
657 3751 675 3818 ὅ
694 3754 822 3840 ἐνεργῶν
842 3752 876 3818 ἕν
894 3750 971 3835 ὑμῖν
989 3754 1041 3818 acl
1060 3750 1097 3820 εδ
1115 3751 1219 3826 θέλειν
1236 3748 1326 3820 saled

239 3874 377 3958 ἐνεργεῖν
395 3863 471 3950 ὑπὲρ
490 3867 546 3964 τῆς
564 3863 709 3941 εὐδοκίας.
755 3865 860 3928 Naxus
884 3885 957 3930 eum
979 3864 1190 3950 superioribus
1216 3887 1248 3929 se
1265 3864 1324 3947 ipse

250 3959 445 4068 explicabit,
457 3976 482 4040 si
505 3975 702 4063 singulorum
716 3961 883 4062 verborum
902 3977 1188 4064 interpretationem
1205 3978 1248 4042 ita
1258 3995 1326 4042 coa·

37 4083 43 4088 ’
135 4128 139 4134 ’
249 4095 430 4170 fecerimus,
455 4099 491 4153 ut
512 4089 656 4154 orationis
675 4100 777 4175 pateat
801 4113 915 4158 sensus.
960 4091 1130 4178 Incipimus
1151 4115 1171 4157 a
1189 4085 1324 4179 proximis

252 4210 269 4274 d
296 4203 371 4284 Θεός
400 4207 482 4272 ἔστιν
512 4203 531 4270 o‘
560 4205 711 4288 ἐνεργῶν,Υ
731 4224 812 4291 quae
833 4226 1021 4284 arceamus,
1054 4227 1192 4271 woorrns
1219 4203 1324 4286 aliique

251 4323 409 4418 eleganter
430 4330 459 4382 et
478 4341 534 4403 per
556 4315 723 4403 Emphasin
746 4318 843 4402 posita
866 4342 930 4385 esse
951 4305 1141 4386 contendunt
1158 4309 1323 4406 proteris
