2818 5032
455 382 597 458 erait.
623 387 707 446 vn'as.
731 387 761 450 9.
986 345 990 350 Ι
1088 387 1152 453 293

86 567 169 656 ἔρρων
200 563 307 634 odre'c.
356 563 416 630 Sed
447 566 656 652 interpretatio
690 553 770 646 illa,
805 592 844 634 ne
878 571 968 653 plura
996 569 1025 634 ei
1054 591 1149 654 oppo-

86 703 163 758 nam,
186 692 346 766 propterea
378 681 454 746 ferri
482 669 629 768 nequit,¹
642 682 728 768 quod
751 681 837 748 hunc
861 683 894 748 in
923 684 1027 748 locum
1046 683 1150 746 Traie-

85 794 208 857 ctionem
241 794 385 878 importat
412 793 566 880 ingratam
597 806 627 858 et
663 796 856 861 insolentem.
913 795 1009 884 Paulo
1040 791 1150 860 melius

84 929 221 972 ramerus
248 906 417 971 orationem
437 907 481 971 sic
510 908 656 992 explieat:
679 931 764 996 qaae
786 917 818 974 ct
839 908 1009 974 dida'm‘stis
1033 910 1148 990 cerdo,
1233 912 1237 919 '

80 1027 111 1082 et
131 1021 304 1108 accepistis
328 1021 492 1108 camapio,
519 1029 551 1084 et
575 1021 755 1086 nummatis
781 1015 932 1104 cannas,
961 1031 992 1086 et
1014 1021 1150 1101 mittetis

82 1134 187 1197 oculis.
234 1135 276 1197 At
304 1133 446 1200 Verbum
473 1143 576 1198 umen
604 1131 852 1221 παραλαμβάνω,
874 1132 1072 1200 vehementer
1093 1135 1152 1198 dn-

79 1245 154 1323 bito,
182 1269 221 1310 au
253 1230 503 1332 salvo'loqnendi
518 1269 589 1314 ,usu
610 1251 857 1312 institutionem
870 1245 1018 1312 denotare
1039 1247 1149 1332 possit,
1188 1269 1190 1274 ·
1259 1268 1262 1280 ¹

79 1381 155 1445 qaae
175 1360 323 1447 exemplo
344 1361 490 1423 alicuius
513 1360 658 1427 detetur.
701 1361 767 1426 Neo
786 1383 819 1424 se
840 1359 1035 1438 commendat
1066 1362 1149 1446 qnod

79 1495 209 1537 onorius
227 1473 286 1537 ait:
301 1471 476 1556 ἀἘμάθετε
495 1471 548 1538 hle
569 1472 722 1560 significat
736 1477 885 1564 primam
900 1475 1150 1562 institutionem,

76 1583 250 1672 παρελάβετε
269 1589 468 1650 exactiorem
489 1586 693 1652 doctrinam:
713 1584 860 1674 ἠκαάσατε
881 1588 1014 1652 retertur
1035 1587 1074 1652 ad
1086 1589 1152 1676 fa—

78 1698 222 1762 mitiores
243 1720 427 1776 sermones,
461 1699 634 1765 doctrinam
655 1711 793 1788 aptantes
815 1701 906 1766 rebus
930 1703 1043 1778 enatis,
1062 1700 1153 1768 εἴδετε

77 1829 143 1874 acro
167 1811 207 1876 ad
237 1814 334 1900 ipsas
362 1835 455 1877 raum
478 1817 658 1880 actiones.''
704 1815 783 1879 Nam
810 1813 844 1878 in
867 1814 945 1880 Novi
967 1816 1152 1881 Testamenti

74 1917 167 1986 libris·
181 1945 283 2010 aeque
315 1935 408 2010 atque
439 1925 513 1990 alibi
543 1928 680 2012 quaesivi
708 1929 837 2006 frustra,
867 1927 951 2015 quod
974 1929 1160 1994 facultatem
1208 1911 1211 1916 ¹

75 2038 213 2119 praebeat
234 2036 377 2103 notiones
391 2037 562 2104 'verborum
580 2036 730 2124 ἐμάθετε,
759 2039 940 2130 παρελάβετε
960 2051 990 2104 ot
1007 2037 1154 2126 ἠκοάσατε

71 2148 112 2212 ita
137 2151 373 2239 distinguendi..
405 2153 550 2232 Accedit,
583 2155 667 2242 quod
695 2154 760 2239 ipsa
788 2155 841 2219 illa
862 2154 1018 2220 distinctio
1037 2155 1152 2220 anima·
1186 2161 1189 2170 “

76 2272 132 2326 tam
145 2266 297 2351 ¹Apostoli¹
315 2267 484 2330 orationem
507 2266 584 2331 flore
601 2289 659 2331 suo
679 2278 710 2331 et
730 2267 835 2354 vigore
856 2267 1084 2352 quodammodo
1100 2268 1153 2332 de-

74 2373 175 2443 stituit.
214 2379 257 2444 At
277 2377 354 2444 haec
374 2401 463 2456 vero,
486 2379 625 2464 inquies,
644 2381 669 2444 si
688 2379 859 2466 spernenda
877 2390 965 2455 sunt,
992 2379 1068 2465 quid
1087 2392 1152 2446 tan-

70 2487 140 2553 dem
161 2503 225 2570 est,
257 2493 341 2579 quod
366 2493 490 2578 probari
511 2495 688 2558 mereatur?
733 2495 816 2560 Num
841 2489 991 2560 sententia
1006 2495 1167 2570 ,tentasses

15 2609 18 2616 “
72 2601 170 2670 Verba
201 2601 356 2688 ἐμάθετε,
379 2602 585 2694 παρελάβετε,
618 2605 765 2693 naciones
789 2609 966 2695 synonyma
992 2607 1041 2670 vel
1070 2618 1153 2674 certe
1193 2651 1196 2660 .

72 2715 138 2781 talia
164 2739 251 2796 esse,
281 2729 318 2782 ut
344 2719 485 2784 notiones
508 2717 641 2784 habeant
661 2743 679 2784 a
703 2742 735 2784 se
752 2720 899 2786 invicem
913 2721 1017 2786 minus
1043 2719 1154 2786 distin-

54 2831 229 2926 yguendas?
276 2831 322 2896 lta
342 2831 521 2900 iudicarunt
541 2841 977 2911 eirveus,nnsmcasms,
999 2855 1152 2908 cranius,

69 2932 323 3022 nnnrnwannns,
342 2945 410 3024 alii,
431 2968 509 3033 quos
527 2947 589 3012 iam
608 2949 773 3034 praecessit
791 2965 988 3016 ononunmus
1001 2946 1151 3012 scribens:

69 3057 128 3123 Δεά
153 3059 354 3136 διδασκαλίας
378 3056 523 3142 ἐμάθετε,
553 3063 604 3127 καλ
631 3057 830 3148 παρελάβετε,
853 3063 903 3127 καὶ
926 3060 1092 3146 η’κοάσαεε,
1107 3059 1154 3124 dt'

67 3167 158 3256 ἔργων
180 3171 222 3238 δὲ
239 3171 324 3239 ἴδετε.
365 3169 427 3236 Sed
458 3195 536 3258 pace
561 3171 708 3241 Virorum
733 3173 904 3238 Doctorum
929 3197 947 3238 a
970 3195 1022 3236 me
1044 3173 1152 3256 impe-

69 3293 146 3348 trare
179 3283 247 3360 non
272 3299 426 3369 possum,
439 3295 477 3348 ut
494 3284 610 3350 indicio
627 3285 674 3350 illi
692 3286 848 3351 calculum
867 3283 1019 3352 adiiciam.
1066 3285 1150 3350 Ora·

66 3396 188 3462 tionem
201 3398 288 3463 enim
306 3421 369 3462 non
387 3396 543 3465 inducunt
562 3401 695 3488 graviter
715 3399 922 3477 cumulatam,
935 3399 1000 3466 ‘sed
1020 3401 1152 3486 nequid-

62 3529 157 3594 quam
202 3522 382 3589 oneratam,
420 3533 517 3598 quam
549 3512 711 3600 scriptores
745 3512 909 3598 populares
940 3510 1032 3580 haud¹
1065 3535 1152 3578 secus

59 3635 271 3707 aspernantur
283 3695 285 3702 ‚
297 3645 334 3690 ae
363 3623 548 3710 philosophi.
594 3627 695 3695 Inrmc
718 3646 791 3692 vero
815 3637 852 3690 ut
866 3635 992 3692 'rannus
1012 3639 1150 3690 mentem

63 3735 199 3820 graviter
235 3737 402 3814 ‘enunciet,
441 3737 539 3814 verbis
565 3739 759 3804 tribuendae
780 3749 851 3804 sunt
878 3740 1035 3818 notiones,
1071 3759 1151 3824 qnae
1227 3761 1232 3799 ι

59 3850 280 3934 gradationem
310 3852 436 3916 faciunt.
493 3852 604 3939 Neque
629 3854 703 3918 illae
730 3876 804 3918 sane
833 3853 927 3940 longe
955 3849 1152 3939 quaerendae

62 3975 155 4045 sunt,
186 3963 361 4030 dummodo
389 3963 541 4050 loquendi
564 3987 662 4036 usum
680 3967 822 4054 religiose
845 3987 1021 4053 sequamur.
1067 3966 1161 4053 Ergo
1237 4057 1240 4064 Ι

61 4089 200 4163 quatuor
225 4063 330 4146 Verbi
351 4073 507 4164 ἐμάθετε,
536 4077 735 4168 παρελάβετε,
757 4079 905 4169 ἠκούσατε
930 4088 963 4144 et
989 4076 1080 4146 sidere
1106 4078 1149 4142 sic

53 4190 272 4277 interpretor,
293 4192 450 4278 nt'priora
472 4196 652 4258 onm'n'snro
661 4194 793 4258 referam
803 4191 843 4259 ad
852 4190 1010 4280 Apostoli
1022 4190 1152 4258 doctri-

53 4327 156 4385 παρα,
178 4305 355 4392 posteriora
370 4305 408 4370 ad
425 4308 497 4370 estas
517 4307 639 4371 vitam·
652 4305 789 4372 rattrud
809 4303 1028 4402 tamenquod
1043 4317 1150 4371 securr-
