2812 5032
382 375 447 418 err.
473 354 496 417 1.
521 315 605 420 isus.
631 356 690 428 27,
716 358 768 418 no.
1054 359 1115 420 roo

8 581 9 586 κ
63 539 172 604 verbum
201 532 321 604 duodone
352 535 650 622 consequentibus
683 528 728 602 ὅτι
755 535 872 624 στήκετε
887 539 1112 626 coniungunt„

61 650 150 715 media,
173 669 245 712 vero
271 645 312 713 co*
341 648 408 735 neni
434 647 539 730 ὑμῶν,
570 660 605 712 ut
627 647 774 712 vertendo
798 648 932 714 reddunt
950 653 1038 738 quod
1057 673 1113 716 res

60 771 168 828 oeetres
189 761 324 838 attinet,
347 759 389 823 ita
411 759 548 825 absolute
569 760 667 845 posita
689 781 753 824 esse
770 772 889 844 putant.
935 763 996 848 Sed
1019 764 1112 828 sicin

60 875 208 940 orationem
230 871 393 966 (inducitur
416 870 637 950 redundantia,
658 895 754 959 quae,
780 875 1112 959 quamvisnnrnnrcu-

46 1001 107 1052 'eros
131 1007 196 1052 eam
219 985 276 1050 sibi
303 1007 366 1050 non
395 983 553 1050 offensioni
588 1006 651 1067 esse
682 984 865 1064 declaravit,
899 999 963 1052 tam
991 989 1135 1076 ingratas

59 1111 142 1164 tamen
170 1111 200 1164 et
227 1099 267 1165 ab
290 1097 374 1164 omui
396 1119 536 1164 sermone
558 1098 657 1164 aliena
680 1097 816 1178 ridetur,
836 1110 871 1164 ut
891 1101 965 1165 ferri
986 1123 1111 1188 prorsus

58 1224 181 1300 nequeat.
232 1211 324 1294 Quod
349 1222 418 1296 post
439 1233 584 1276 enorum
608 1190 770 1279 contendit
788 1233 913 1291 ennius,
935 1213 1110 1282 Articulum

57 1323 86 1396 ed
102 1325 148 1390 hio
168 1325 201 1390 in
224 1318 325 1390 vi'cem
347 1324 539 1388 Pronominis
554 1329 652 1392 ταῦτα
672 1325 865 1402 successisse,
884 1326 946 1407 iam
958 1349 1050 1412 supra
1060 1325 1107 1417 (1)

57 1438 167 1502 vidimus
187 1438 351 1504 edicendi
373 1437 490 1510 ratione
512 1437 709 1522 scriptoribus
731 1439 808 1504 Nori
835 1441 1021 1505 Testamenti
1044 1441 1108 1506 usi-

57 1562 106 1615 tata
124 1550 279 1618 recedere:
303 1571 399 1637 quare
422 1559 452 1613 et
473 1549 584 1614 frustra
606 1548 646 1614 ad
667 1545 748 1616 hanc
768 1554 1027 1636 permutationem
1037 1575 1108 1638 pro—

56 1649 168 1730 hundam
190 1663 361 1730 excitantur
384 1661 579 1728 More.le
604 1664 646 1726 23
670 1673 700 1727 et
717 1661 816 1729 diem.
839 1665 898 1728 XI:
919 1668 973 1732 29.
1000 1667 1108 1754 Itaque

56 1774 117 1840 nihil
137 1775 218 1842 aliud
241 1785 349 1852 restat,
373 1795 468 1862 quam
482 1772 621 1842 utrerha
639 1770 759 1841 ἀκούσω
774 1774 815 1841 eo?
829 1778 897 1862 περὶ
911 1777 1013 1859 ὑμῶν,
1026 1800 1108 1842 nexu

12 1967 15 1976 Α
55 1910 98 1952 suo
115 1889 148 1953 iis
169 1889 294 1965 relicto,
318 1883 665 1968 'secundum'notionem
680 1886 854 1974 vulgarem,
867 1889 1107 1976 interpretemur

54 2001 167 2070 aarum
190 2023 246 2066 res
267 2007 416 2066 vestroe·
440 2020 519 2086 quae
542 1981 572 2062 et
595 1998 742 2076 aliorum,
767 2010 797 2064 et
818 2003 1106 2093 sronnrrsententio
1146 1991 1154 2012 ’

9 2101 10 2106 ¹
54 2124 96 2178 est.
134 2115 172 2178 ht
189 2137 263 2178 vero
286 2113 353 2178 talis
376 2123 420 2176 est
442 2111 612 2178 adhortatio
634 2111 836 2197 praecedens,
867 2125 902 2178 ut
921 2116 1108 2206 neoredere

55 2249 138 2292 rursus
158 2229 288 2316 possim,
311 2249 435 2325 rnuuun
458 2227 487 2290 ei
509 2225 568 2292 hoc
590 2225 749 2304 adiecisse,
773 2225 826 2292 sed
838 2229 994 2314 requiram
1006 2229 1104 2293 omni-

53 2360 84 2402 no
102 2341 233 2419 audiam
254 2342 336 2406 bona
363 2341 411 2406 rel
433 2338 616 2405 laudatiae
638 2338 678 2402 de
700 2338 803 2416 vohis,
830 2341 877 2404 vel
901 2350 1021 2404 tantum
1041 2357 1104 2404 ou—

51 2450 130 2528 dinm,
155 2455 196 2520 de
228 2455 334 2532 vohis,
369 2453 454 2541 quod
476 2451 591 2518 habent
615 2447 723 2537 Syrtes
749 2450 788 2514 V
785 2460 856 2516 etus
874 2463 904 2516 et
932 2450 968 2516 V
967 2451 1113 2540 algotus,

52 2563 186 2645 ἰαέιὶαιε,
218 2561 280 2633 hoe
311 2567 436 2632 nomine
468 2564 583 2630 laudati
613 2587 631 2629 a
663 2585 806 2630 utronno
836 2564 974 2652 aliisque.
1020 2566 1103 2648 Quid

50 2678 147 2763 igitir?
190 2681 240 2746 An
272 2679 439 2766 premenda
461 2689 532 2742 sunt
554 2675 646 2742 huius
668 2677 828 2764 utriusque
848 2678 1026 2764 Interpretis
1043 2667 1115 2757 ,re-¹

49 2792 134 2878 stigio,
157 2805 193 2858 ut
214 2789 452 2890 Articulumxrd
473 2789 546 2864 hinc
567 2791 776 2880 expellamus?
810 2792 911 2858 Immo
931 2793 1055 2858 Graecis
1069 2793 1102 2859 iu

47 2903 117 2970 lihris
137 2907 278 2972 omnibus
300 2906 458 2972 Articulus
481 2905 609 3008 legitur3
634 2905 674 2970 ah
696 2903 757 2970 illis
778 2905 957 2972 veronulla
980 2905 1040 2971 alia
1062 2905 1102 2971 de
1123 2940 1125 2944 ·
1172 2961 1174 2966 a

50 3035 122 3084 musa
145 3021 273 3084 omissus
290 3042 361 3094 ,esse
391 3017 528 3096 ridetur,
560 3039 655 3105 quam
684 3017 767 3105 quod
800 3018 873 3084 ferri
894 3040 957 3082 non
982 3030 1101 3106 poterat

48 3131 380 3210 secmrdum‘orationis,
410 3152 505 3218 quam
532 3120 920 3208 faciehant,structuram.
965 3131 1102 3196 Breviter

48 3240 145 3324 dicam,
175 3245 329 3310 medelam
369 3243 444 3310 huic
470 3245 539 3309 loco
570 3244 669 3308 multo
700 3244 845 3308 tutiorem
884 3243 1038 3322 adhiberi,
1075 3243 1101 3307 ri

48 3375 197 3438 sumamus,
231 3359 262 3424 ei
294 3356 457 3446 cogitando
486 3357 612 3443 aliquod
642 3355 839 3425 inserendum
868 3357 1099 3432 essererhum,

46 3470 113 3551 quod
130 3472 323 3541 testinatione
344 3456 458 3536 auctor
474 3469 639 3534 reticuerit.
684 3444 722 3534 Et
746 3470 875 3564 verbum
896 3469 1023 3556 quidem
1045 3469 1095 3549 εὖ·

45 3590 157 3667 convici
173 3585 339 3663 ,tonnulae
368 3582 408 3650 ui
428 3583 493 3670 περὶ
514 3582 603 3665 ὑμῶν
629 3581 879 3670 subiungendum
899 3561 963 3649 esse
987 3583 1100 3650 diserte

44 3699 144 3762 monuit
175 3719 381 3766 occurrentes.
440 3694 531 3778 Quod
572 3681 697 3760 fortasse
730 3696 822 3760 etiarn
854 3717 1100 3772 cnnrsosrouo,

44 3825 232 3876 rurooonnro
268 3823 299 3876 et
323 3795 587 3874 ‘rnuornrmuro
606 3809 732 3893 placuit.
784 3809 937 3896 Equidem
965 3833 1038 3874 vero
1061 3831 1096 3874 ex

43 3921 230 4000 superioribus
253 3933 392 4009 repetere
414 3921 495 3986 male
507 3917 643 4002 ἀκούσω,
663 3933 698 3985 ut
717 3922 867 3988 oratiosic'
879 3925 1096 3990 constituatur:

38 4027 94 4110 ho,
118 4033 171 4102 tire
197 4033 303 4102 theoto
326 4037 376 4100 καὶ
404 4034 479 4102 idcir
507 4035 604 4118 ὑμᾶς,
632 4033 687 4100 εἴτε
712 4034 799 4103 tuate
827 4031 946 4103 ἀκούσω
971 4033 1010 4101 et
1030 4035 1098 4120 περὶ
1132 4107 1133 4112 ¹

68 4278 101 4346 (l)
117 4286 212 4336 Inhott.
230 4303 257 4352 p.
276 4290 307 4354 2,
326 4287 351 4336 3.
