2812 5032
269 401 330 462 140
465 437 467 442 ,
620 415 688 460 cor.
710 397 750 460 Π.
774 415 859 460 runs.
883 399 977 462 6-11.

265 555 383 666 ingenii
402 589 473 642 sunt
492 580 632 657 irruente,
656 601 735 666 quae
753 578 866 644 oblivio
885 561 947 644 iani
973 577 1098 657 delevit3
1117 597 1187 661 pars
1199 595 1330 640 comme·

265 701 400 756 moratae
419 701 490 756 sunt
515 713 533 756 a
553 713 691 759 nostroe
709 689 774 777 (l),
798 713 944 768 wourro,
966 713 988 756 r.
1009 712 1031 755 r:
1050 708 1257 754 servoruum
1272 685 1329 776 (2),
1399 707 1400 756 t

266 825 486 881 sursrcesro,
509 825 633 883 rutro,
659 825 817 869 menno
841 801 888 892 (3)
916 804 1060 890 ubisque,
1087 801 1126 866 ed
1145 823 1223 888 quos
1243 801 1331 864 lecto

77 921 82 930 “
176 939 180 948 ·
266 937 333 980 rem
360 915 483 980 mittere
509 917 607 994 malo,
627 938 724 1022 quarn
740 915 920 1002 exponenda
938 915 1197 1002 interpretationis
1216 912 1332 978 historie

266 1041 386 1114 tempus
426 1051 622 1107 consumere,
660 1029 744 1114 quod
777 1029 833 1094 sibi
862 1031 926 1115 ipsa
957 1021 1089 1116 postulat
1118 1027 1330 1113 interpretatio.

265 1143 424 1220 Ceterum,
456 1144 594 1230 quamvis
622 1143 775 1209 brevitatis
804 1165 894 1209 cause
914 1145 946 1208 in
967 1165 1074 1220 sensu,
1099 1141 1155 1228 qui
1176 1140 1253 1206 mibi
1272 1162 1331 1204 ora·
1399 1155 1400 1170 ¹

266 1256 342 1320 tieni
370 1255 552 1336 tribuendus
570 1255 706 1334 ridetur,
732 1256 911 1341 explicando
931 1267 962 1321 et
982 1254 1157 1340 prebendo,
1187 1264 1332 1340 quarinum

266 1368 333 1434 lieri
361 1368 470 1454 pessit,
500 1368 661 1433 subsistere
684 1369 842 1449 constitui3
867 1369 936 1434 satis
957 1369 1043 1456 larga
1061 1367 1139 1432 mibi
1156 1377 1262 1431 tamen
1282 1365 1332 1430 erit

257 1481 354 1565 ¹eopia
372 1481 411 1546 de
431 1481 599 1546 rationibus
617 1493 647 1546 et
663 1463 868 1568 argumentis,
887 1481 1109 1568 quaemaxime
1131 1480 1332 1546 celebritatem

194 1655 198 1666 ,
266 1603 460 1670 necterent,
484 1594 628 1679 deinceps
647 1593 831 1678 disputandi.
887 1639 890 1648 .

735 1819 821 1864 vose.
845 1807 876 1866 6.

311 1933 412 1998 Pauca
438 1931 499 1998 hoe
526 1935 560 1998 in
583 1936 654 1998 loco
674 1945 761 2012 erint,
781 1955 864 2020 quae
881 1934 970 2000 Viros
991 1934 1102 1996 Doetos
1125 1932 1223 2019 megia
1248 1953 1334 1996 cuer¹

267 2045 403 2122 euerint,
428 2067 522 2130 quam
541 2045 745 2130 principium:
760 2042 814 2124 Ὃς
833 2047 866 2112 ἓν
884 2051 992 2138 μορφῇ
1004 2050 1084 2113 Θεοῦ
1097 2041 1262 2130 ὑπάρχων,
1283 2041 1334 2126 οὐχ

266 2155 424 2245 ἁρπαγμόν
448 2154 582 2244 ἡγήσατο
607 2155 643 2224 τό
662 2155 735 2224 εἶναι
754 2155 808 2240 ἶσοι
826 2160 904 2250 erp.
944 2151 1090 2240 Quemvis
1111 2155 1278 2234 enimnee
1301 2155 1334 2218 de

201 2261 203 2268 ’
266 2293 319 2348 eo,
341 2269 417 2356 quid
436 2292 549 2334 nonnos
566 2270 736 2355 scripserit,
766 2293 824 2335 neo
843 2269 882 2335 de
901 2271 1044 2337 orationis
1064 2268 1262 2334 distinctione
1278 2267 1332 2331 ulla

266 2363 404 2470 quaestio
425 2394 483 2464 est;
505 2383 632 2448 totidem
651 2395 755 2472 tepren
774 2382 948 2469 disputandi
966 2384 1147 2468 iereemsps
1156 2382 1333 2446 invenerunt

263 2497 575 2586 Inter·pretes,41u0t
596 2497 687 2561 verba
714 2496 772 2561 sibi
785 2497 1005 2576 occurrebant.
1050 2497 1087 2559 Et
1115 2482 1260 2580 primumi
1274 2492 1334 2578 qui-

265 2608 336 2672 dem
364 2610 502 2674 laborem
519 2611 639 2694 peperit
657 2610 788 2674 formida
808 2612 842 2676 ἐν
858 2613 967 2699 μορφῇ
987 2610 1068 2674 Θεοῦ
1089 2604 1246 2695 ὑπάρχων.
1287 2605 1334 2670 lli-

260 2719 381 2786 ¹mirum
400 2743 437 2786 en
453 2730 609 2816 calorem
634 2721 765 2790 Christi
784 2720 941 2786 Divinam
962 2719 1217 2808 prepeni'Patres
1235 2719 1333 2785 Eccle

266 2836 334 2899 siae
347 2834 572 2919 propemodum
591 2855 702 2899 omnes
718 2835 923 2899 communiter
940 2845 1116 2900 sumserunt
1136 2845 1166 2898 et
1175 2833 1334 2920 posteritati
1354 2809 1359 2826 ¹

266 2946 343 3012 adeo
364 2958 597 3032 persuaserunt,
618 2957 653 3010 ut
670 2947 738 3014 Viri
750 2935 934 3012 ‘lloetissiuri
953 2947 1064 3012 aeriter
1083 2946 1335 3032 reprehenderent

267 3083 334 3138 eos,
378 3060 433 3145 qui
453 3059 689 3126 ,dissensionem
731 3059 949 3145 prodidissent,
988 3072 1023 3124 ut
1064 3080 1211 3130 consuetu
1235 3060 1334 3131 'eum

266 3195 415 3240 oeccrrns
437 3196 592 3241 osorton.
637 3176 702 3238 Nec
721 3185 825 3240 temen
844 3173 891 3238 illi
922 3173 1089 3239 unanimes
1106 3176 1249 3251 luerunt,
1272 3192 1335 3239 cum

262 3287 318 3368 ,atii
337 3309 446 3352 vocem
465 3292 574 3378 μορφῇ
593 3298 646 3352 ant
665 3288 852 3372 explicarent
871 3284 977 3374 priore,
996 3286 1176 3378 autodolp,
1197 3288 1249 3352 olii
1275 3305 1336 3350 cam

267 3400 439 3465 redundare
469 3399 624 3487 dicerent,
653 3411 688 3466 nt
722 3421 779 3490 pro
806 3400 905 3465 verbis
934 3405 968 3468 ἐν
998 3395 1105 3492 μορφῇ
1135 3404 1215 3468 Θεοῦ
1244 3417 1334 3464 unum

266 3510 342 3590 Θεός
362 3485 507 3578 subintui
530 3524 639 3599 posset
686 3513 747 3578 Sed
767 3513 884 3592 nescio,
906 3497 950 3579 an*
967 3513 1169 3598 discrepantia
1188 3515 1241 3578 illa
1260 3510 1335 3577 baud

267 3627 396 3692 obscure
437 3627 500 3692 iam
522 3627 664 3705 indicet,
698 3626 836 3692 homines
869 3621 977 3712 queris
996 3628 1100 3692 modo
1129 3622 1259 3712 probare
1284 3647 1336 3687 vo-

229 3823 231 3829 ,
266 3740 357 3830 luisse
388 3740 730 3826 interpretationem,.e
750 3741 886 3825 putribus
911 3751 941 3806 et
969 3741 1135 3807 maioribrn
1163 3741 1220 3806 sibi
1249 3735 1341 3802 tradi-⁴

270 3918 522 3931 a--o--n—-ae—ot—-d

298 4038 336 4108 (1)
363 4041 464 4090 observ.
487 4039 516 4088 ἑο
533 4039 585 4104 up.
604 4040 684 4088 Pauli
701 4039 734 4086 od
751 4040 822 4088 Phil.
840 4039 866 4086 in
883 4041 1010 4088 fluescere
1027 4040 1097 4092 Νοοο
1127 4055 1159 4088 ee
1175 4011 1272 4088 Murice
1291 4048 1335 4080 rr·

265 4131 805 4196 siuerrrore.rom.11.p.ctr,ete.
1102 4175 1110 4192 ,
1193 4166 1196 4176 .
1286 4125 1288 4130 '

298 4223 340 4293 (2)
353 4225 458 4290 Sylloge
480 4226 584 4274 diesem
603 4225 824 4292 Philotsseeqet.
843 4225 907 4272 Tom.
925 4225 989 4290 lep.
1008 4227 1057 4274 tte
1074 4241 1128 4290 sqq.
1149 4247 1151 4254 v

298 4315 335 4382 (e)
352 4319 490 4382 Greurnos,
508 4319 616 4368 Journal
632 4316 678 4383 sair
688 4320 780 4368 aeteri.
803 4319 885 4368 Tltcol.
902 4319 980 4368 Liter.
999 4317 1062 4370 rom.
1079 4319 1122 4369 1v.
1137 4335 1160 4384 p.
1177 4321 1211 4368 ³4
1222 4333 1271 4384 sqq.
