2812 5032
290 360 353 428 158
673 381 740 424 mr.
765 359 805 425 ll.
836 381 920 426 vens.
946 365 977 426 9.

286 546 344 610 nbi
365 561 515 610 camenus
534 561 634 631 aeque
651 556 747 632 atquc
766 547 799 610 in
821 547 892 636 lep.
915 547 965 612 od
979 545 1131 636 Phiiipp.
1154 550 1341 664 postposuit

286 681 381 724 cruce
391 668 532 722 mortuus
547 669 623 738 erat,
635 677 748 724 nomen
766 660 920 748 accepisse
938 659 1061 728 dicitur.
1074 659 1267 748 Quamquam
1278 663 1341 726 enin

286 771 333 837 his
365 773 498 837 menime
527 772 560 838 in
594 773 669 838 locis
701 772 888 860 praesidium
910 774 967 840 sihi
985 787 1157 862 quaerunt,
1181 774 1235 862 qui
1256 797 1341 840 rocen

283 880 382 970 inope
414 887 611 978 dignitatem
639 887 688 952 rel
714 887 855 954 similiter
878 889 1137 976 interpretantur,
1156 887 1240 952 illius
1261 899 1342 952 tamn

285 999 545 1086 interpretationis
575 1001 753 1087 perversitas
782 1002 816 1066 in
846 1003 944 1068 altero
971 1023 1007 1066 ex
1037 1002 1156 1068 adiecto
1182 1001 1342 1066 Pronomine

283 1112 527 1198 ὀνομαζομένου,
545 1097 580 1178 in
601 1113 698 1180 altero
719 1137 756 1180 ex
778 1115 983 1204 appellatione
1002 1113 1093 1182 Filii
1110 1114 1189 1198 Dei,
1206 1135 1280 1202 quae
1289 1135 1343 1177 rer·

284 1248 321 1290 sn
344 1232 364 1292 5
386 1223 518 1314 legitur,
541 1227 784 1293 luculentissime
805 1239 941 1315 apparet.
987 1227 1151 1294 Rationem
1172 1227 1218 1294 sic
1241 1226 1342 1293 conclu·

283 1339 405 1417 dimus,
427 1340 461 1404 in
485 1341 592 1404 Literis
614 1341 714 1406 Sacris
738 1341 822 1406 locos
843 1341 971 1427 quidem
992 1340 1077 1406 haud
1094 1363 1211 1426 paucos
1222 1339 1342 1418 esse,ubi

285 1452 434 1517 vocabula
452 1453 503 1524 nid
517 1464 550 1517 ct
568 1446 666 1536 ὄνομα
685 1451 725 1517 de
742 1455 886 1518 neminie
901 1453 1041 1542 glorio,
1061 1457 1238 1518 maiestate
1247 1455 1291 1517 rel
1300 1453 1342 1516 di-

280 1570 415 1656 gnitate
436 1567 595 1647 dicantur3
620 1568 673 1632 sed
690 1569 793 1633 nullos
813 1568 956 1647 omnino,
980 1567 1035 1657 qui
1055 1569 1099 1634 lta
1117 1567 1282 1654 comparati
1290 1567 1342 1641 sint,

284 1691 336 1758 ut,
360 1691 462 1766 spreta
479 1683 622 1744 nominis
636 1682 778 1759 notione,
797 1683 930 1770 glorie,
950 1681 1125 1760 maiestas,
1147 1677 1293 1770 dignitas
1308 1676 1343 1739 rel
1373 1681 1378 1692 ‘

279 1792 371 1857 aliud
391 1792 467 1880 quid
486 1815 543 1879 pro
563 1815 600 1858 eo
618 1793 761 1858 substitui
779 1794 899 1859 debeat.
946 1795 1117 1880 Scriptores
1141 1806 1259 1859 exteros
1278 1810 1343 1856 nunc

284 1906 488 1992 praeterimus
519 1905 655 1984 silentio,
690 1906 828 1994 quamvis
859 1907 896 1971 iis
921 1927 1049 1994 quoque
1074 1907 1262 1993 Interpretes
1278 1889 1350 1970 ahud

251 2038 253 2044 ¹
282 2030 356 2084 eunt
377 2015 437 2107 (1).
481 2017 543 2083 Sed
564 2019 604 2083 ad
624 2018 723 2105 ipsam
744 2031 935 2086 revertamur
956 2019 1144 2098 orationem,
1168 2019 1257 2086 cuius
1275 2035 1343 2084 caue

284 2131 365 2196 hane
399 2129 638 2216 disputationem
668 2133 869 2220 suscepimus.
912 2133 1025 2198 Mirum
1047 2133 1110 2200 iam
1130 2143 1195 2213 cst,
1226 2149 1342 2204 rernm,

284 2246 309 2309 si
328 2246 466 2311 scribens
486 2240 584 2331 ὄνομα
604 2245 637 2310 in
658 2258 764 2312 mente
783 2245 911 2314 haberet
932 2247 1101 2337 gloriam,
1125 2269 1170 2313 vs.
1197 2247 1236 2312 11
1259 2264 1343 2310 rocem

283 2355 380 2438 δόξαν
412 2383 430 2426 a
463 2359 614 2446 superiori
643 2359 822 2432 distinxisse.
868 2361 966 2425 Multo
991 2359 1181 2438 mirabilius,
1205 2355 1342 2426 eodemin

250 2552 253 2558 Ι
285 2476 355 2539 loco
385 2474 465 2540 illud
495 2469 593 2561 ὄνομα
623 2487 671 2540 ter
693 2473 772 2560 legi,
800 2486 831 2538 et
850 2477 900 2539 rel
924 2475 968 2540 sic
995 2486 1099 2540 tamen
1120 2475 1277 2540 notionem
1296 2471 1343 2535 eius

283 2609 389 2652 veram
416 2599 447 2652 et
467 2590 625 2676 propriam
644 2588 849 2676 spernendam
878 2611 953 2655 esse.
999 2587 1098 2676 Atqui
1125 2586 1188 2654 hoc
1211 2587 1276 2652 fieri
1297 2603 1343 2648 non

284 2719 389 2785 posse,
413 2701 571 2767 evidenter
592 2703 683 2768 docet
705 2704 838 2767 formula
858 2704 998 2789 proxime
1019 2723 1150 2789 sequens
1171 2703 1206 2770 ἓν
1232 2704 1273 2792 τῷ
1294 2691 1343 2762 ivr·

284 2837 358 2894 ματι
382 2811 483 2899 Ἰησοῦ
502 2813 639 2898 κάμψαι,
666 2837 761 2902 quam
792 2817 1056 2904 interpretandam
1079 2839 1144 2881 csse
1173 2819 1212 2880 in
1238 2813 1343 2878 nomine

284 2945 351 2988 msc
361 2923 503 3012 flectere
523 2925 605 2991 inira
626 2927 807 2994 videbimus.
844 2930 931 3012 Quae
953 2951 1026 2994 cum
1047 2929 1090 2994 ita
1113 2927 1192 3017 sint,
1218 2921 1343 3014 posterius

286 3035 379 3102 huius
398 3059 504 3102 versus
527 3019 705 3106 membrum
726 3042 771 3108 sic
792 3043 945 3128 explicare
963 3066 1027 3108 non
1049 3042 1175 3109 dubito:
1202 3050 1241 3108 »et
1257 3037 1344 3125 lengi·

320 3240 359 3344 (1)Ι
377 3276 469 3356 littam
491 3289 590 3326 scauro.
608 3275 638 3324 ad
656 3277 750 3327 Metili.
762 3277 799 3327 X:
822 3279 863 3326 41.
892 3293 1020 3330 wrrsrrs.
1040 3279 1070 3330 sd
1089 3277 1116 3328 lr.
1136 3278 1154 3327 l.
1177 3279 1279 3327 excitant
1292 3269 1344 3322 rerba

286 3383 449 3420 ruinosum
475 3370 506 3420 de
538 3371 587 3424 Vn't.
613 3372 697 3435 Apoll.
715 3370 767 3422 tib.
784 3371 830 3420 111.
847 3387 899 3438 cap.
916 3374 965 3422 εει
996 3370 1058 3434 Ὑφ’
1080 3357 1112 3424 oi
1129 3371 1231 3422 nollet
1246 3369 1291 3420 nel
1302 3363 1344 3414 ror

287 3468 325 3530 μὴ
349 3465 422 3514 πάνυ
441 3462 600 3516 σπουδαίων
618 3465 645 3522 ἐς
662 3462 748 3526 ὄνομα
763 3465 904 3533 ἤχθησαν.
938 3465 984 3514 Sed
1001 3466 1109 3532 quamvis
1127 3461 1215 3526 ὄνομα
1233 3463 1267 3517 ibi
1284 3455 1345 3512 mni·

274 3557 329 3626 'nis
352 3555 454 3604 includit
472 3558 572 3620 famant
592 3557 631 3606 vel
651 3559 818 3608 celebritatem
823 3577 833 3617 ,·
857 3575 913 3608 vera
931 3567 1009 3608 temen
1028 3559 1194 3626 interpretatio
1211 3567 1256 3606 est:
1280 3562 1345 3616 aqtl

285 3651 362 3698 multi
378 3652 467 3712 etiam,
487 3654 532 3717 qui
549 3668 598 3701 non
616 3651 690 3702 valde
706 3653 889 3718 excelluerunt,
912 3669 998 3702 nomn
1017 3649 1090 3720 (apud
1106 3645 1276 3719 posteritatem)
1293 3653 1346 3693 noct·

285 3749 385 3810 perant.
421 3744 468 3791 lios
485 3744 548 3793 enirn
564 3743 690 3810 ignobiles',
707 3746 846 3794 nominatim
861 3743 890 3794 ab
902 3759 1001 3795 soleto
1017 3755 1168 3809 memoratos,
1180 3741 1345 3810 opponitsodot

287 3849 425 3898 rensuum,
440 3835 469 3884 de
485 3853 534 3904 quo
553 3855 583 3886 ne
593 3839 735 3887 mentionem
748 3837 845 3906 quidem
856 3839 929 3888 Poita
939 3837 1006 3888 iecit.
1024 3839 1166 3900 Hieroclis,
1180 3836 1210 3886 ab
1220 3837 1249 3884 iis
1259 3829 1346 3882 excitau-

279 3927 381 3976 .Addere
393 3938 472 3977 tamen
484 3927 552 3979 labet
563 3929 635 3980 verba
647 3933 802 3982 Clemdiom.
812 3931 874 3998 apud
886 3945 941 3982 eor.
950 3933 1015 3982 Tom.
1029 3933 1050 3982 l.
1059 3947 1084 3998 p.
1096 3933 1159 3981 171:
1170 3930 1215 3981 der
1227 3928 1278 3994 ipre
1287 3923 1346 3974 3⁰³⁰*

287 4022 334 4072 ini
345 4023 396 4072 τοῦ
410 4023 543 4086 ὀνόματος
552 4032 600 4092 τῆς
616 4028 774 4092 ἐπισκοπῆς,
784 4041 845 4092 quae
854 4025 931 4092 primo
939 4024 1049 4092 adspectu
1060 4024 1088 4074 de
1097 4023 1226 4090 dignitate
1232 4020 1346 4088 Epitttp‘l·

236 4183 238 4189 Α
289 4120 331 4162 ter
349 4114 485 4180 explicanda
497 4115 621 4183 videntur3
632 4117 673 4166 sed
684 4103 741 4166 liaee
753 4117 801 4166 iuit
810 4133 873 4168 mens
883 4119 996 4166 auctoris:
1009 4118 1078 4166 litem
1087 4113 1140 4181 sore
1154 4113 1185 4165 de
1195 4116 1285 4164 nomine
1295 4108 1345 4162 titre

288 4205 333 4269 qni
341 4211 486 4272 episcopatu
493 4213 629 4274 potinem.
639 4209 745 4275 RespIcit
755 4225 839 4274 nempe
850 4223 910 4276 quae
922 4210 1016 4274 scripsit
1025 4207 1095 4274 paulo
1106 4209 1215 4274 superios
1225 4206 1252 4258 de
1260 4197 1346 4254 tribubus
1389 4208 1390 4211 ’

290 4299 382 4348 lsra'e'lia
390 4301 490 4353 :enata
504 4303 596 4355 αὐτῶν
605 4305 650 4370 εἴη
660 4304 698 4371 τῷ
706 4303 807 4369 ἐνδόξῳ
818 4303 933 4366 ὀνόματι
941 4302 1001 4371 (irie
1012 4296 1162 4376 ἱεροούοης)
1174 4289 1345 4362 :exceperim
1381 4314 1391 4350 ¹.
