2812 5032
480 385 548 428 cna.
571 363 596 428 l.
620 333 782 448 mam..
879 457 886 476 Ι
920 370 924 380 “
1099 364 1174 426 tto,

102 553 236 636 Exemplo
256 548 343 614 nobis
363 551 401 614 sit
423 553 439 611 1
466 547 543 616 Cor.
566 549 609 614 V:
635 551 669 612 1:
686 542 786 625 Ὅλως
803 542 939 616 ἀκούεται
954 544 1074 632 'evome
1086 553 1170 637 nop-'

101 663 171 730 velo:
199 657 281 749 quod
307 685 370 727 non
400 672 458 724 est:
490 668 599 724 cestro
619 663 654 724 in
674 681 730 724 ore
750 668 782 724 et
800 683 946 724 sermone
964 665 1090 726 omni-no
1112 670 1162 724 est

100 775 314 865 impedioitio,
348 797 420 840 nam
442 775 605 860 Apostolus
628 763 792 840 offenditiir
809 775 998 862 negligentia
1024 787 1053 838 et
1075 774 1162 860 quasi

99 902 211 974 torpore
229 887 472 968 Corinthiorum
497 888 550 952 sed
570 887 708 952 auditur
734 891 861 951 omnino
882 887 930 950 vel
942 888 1043 974 samo
1065 888 1159 974 sert,

98 1025 163 1084 esse
190 1005 226 1066 in
259 1001 364 1085 cobis,
399 1001 448 1064 vel
478 1009 590 1066 oestro
612 983 824 1066 in'som'eliite
847 1000 1104 1087 impudicitiam,
1129 1005 1162 1067 ἐν

96 1117 163 1196 ὑμῖν
181 1110 257 1181 οὖσα
277 1115 326 1180 vel
347 1092 549 1203 incipxoooo,
569 1113 616 1176 uti
636 1134 703 1198 cop.
727 1113 786 1176 XI:
809 1116 866 1177 18:
890 1107 989 1179 ἀκούω
1007 1115 1161 1196 σχίσματα

95 1230 127 1292 ἐν
142 1226 213 1309 ὑμῖν
232 1226 389 1314 ὑπάρχειν.
428 1228 466 1292 In
486 1225 643 1290 Praesenti
665 1235 768 1290 autom
791 1225 911 1310 scripsit
929 1221 1062 1306 cinciae,
1085 1249 1162 1312 quo·

96 1339 173 1404 niam
193 1341 340 1404 Praesens
363 1361 424 1404 una
447 1361 520 1404 cum
542 1331 709 1404 Praeterito
730 1337 1023 1424 comprehendebat,
1043 1351 1078 1402 ut
1096 1339 1161 1403 aliis

95 1431 233 1548 hilonis,
258 1475 335 1538 quos
357 1453 501 1518 excitavit
522 1471 662 1516 winaaos
684 1473 716 1536 p.
740 1455 821 1529 243,
844 1455 920 1518 244.
953 1454 1032 1522 Rem
1050 1474 1161 1538 nempe

97 1566 294 1644 memorabat,
318 1588 412 1653 quam
436 1565 672 1654 Philippenses
689 1565 829 1630 nondum
852 1563 959 1629 audire
973 1565 1162 1631 desinebant.

96 1679 212 1744 llonitio
234 1679 332 1766 igitur
349 1678 487 1764 Apostoli
506 1677 582 1760 haec
602 1691 660 1742 est:
673 1677 812 1744 homines
823 1679 891 1742 illos
901 1679 934 1744 in
950 1679 1058 1744 eodem
1071 1679 1164 1764 plane

97 1793 201 1858 versari
229 1791 419 1870 discrimine,
451 1791 564 1877 inquo
587 1789 652 1876 ipse
674 1801 704 1854 et
728 1791 901 1881 Philippis
921 1803 1054 1856 versatus
1071 1803 1163 1868 esset,

96 1927 162 1970 mm
190 1905 322 1992 flagellis
353 1927 425 1970 caim
448 1885 554 1984 caedi,v
575 1905 608 1970 in
638 1925 795 1971 carcerem
822 1906 949 1983 coniioi,
971 1905 1050 1971 urhe
1068 1903 1164 1974 ,ethici

96 2017 243 2097 viderent,
269 2031 299 2084 et
319 2041 423 2097 nunc,
445 2031 481 2084 ut
500 2017 593 2084 laisdo
615 2017 793 2104 audiverant
817 2027 852 2084 e't
867 2019 1164 2106 audire-pergebant»

93 2131 219 2198 dioneae
227 2143 400 2198 versaretur
418 2131 766 2219 captivam-miseriisque
787 2144 818 2197 et
841 2115 996 2198 mamonis
1008 2134 1165 2200 obnoxius.

94 2246 179 2314 Haud
206 2247 308 2312 mailto
330 2246 418 2311 alites·
441 2246 533 2310 verba
546 2245 620 2312 cius
642 2247 704 2312 iam
725 2247 917 2333 interpretati
929 2259 1006 2332 ⁸sunt
1024 2259 1167 2338 cantsobf

94 2383 207 2426 saonae
230 2371 270 2428 ,et
290 2379 565 2424 naeoeamcaos.
609 2359 667 2424 lllo
698 2370 803 2426 autem
829 2360 911 2424 dicto
932 2359 1167 2448 Philippenses
1224 2401 1225 2404 =

94 2474 130 2539 od
150 2471 355 2540 constantiam
371 2484 409 2537 et
422 2472 611 2538 alacritatem
633 2473 765 2538 excitam
789 2483 934 2550 conatur,
954 2473 1167 2558 qiiippesmals

94 2601 229 2668 matum,
253 2609 430 2674 quaecum
450 2588 486 2655 iis
508 2586 573 2671 ipse
596 2586 772 2668 'commonia
793 2583 946 2654 habuisset
968 2596 998 2648 et
1022 2583 1167 2660 habero„
1241 2669 1244 2676 Δ

93 2715 122 2766 et
139 2701 220 2768 nihil
244 2702 316 2766 novi
336 2701 439 2766 subire
460 2710 591 2768 coactos.
636 2699 729 2787 Quod
749 2707 784 2765 nt
801 2703 949 2766 imatos
966 2699 1033 2766 iam
1044 2699 1168 2774 noant,

94 2817 131 2879 ita
154 2832 317 2880 somnams
335 2825 366 2878 et
383 2835 590 2898 nacaasmms
614 2835 736 2880 summo
757 2813 826 2880 iure
847 2819 1051 2880 oocmrerunt
1076 2834 1170 2878 anm

95 2914 571 3006 ocns11zsententiie,dtmm‚·
595 2951 634 2994 an
658 2938 850 3004 commento,
885 2925 1170 3016 hpcstolmnpsad-¹

94 3041 239 3106 vasari·
252 3050 497 3117 mammosa,
507 3041 781 3132 Philippensibus
799 3063 862 3106 non
876 3041 1069 3138 proposuisse
1081 3061 1169 3124 prpe

94 3155 204 3231 sentia,
223 3153 285 3218 aed
307 3154 411 3220 sutum
431 3155 624 3239 praedixisse.
649 3213 653 3220 .
1084 3167 1087 3176 '
