2808 5032
405 365 659 432 cnr.lll.=.vn1ss
685 367 715 442 7,
741 367 771 430 8.
1055 366 1119 428 225

72 557 114 623 τόν
129 554 269 644 Χριστόν,
284 563 429 644 propter
453 553 636 630 omissum,
652 552 685 616 id
706 563 766 638 est,
788 561 824 616 ut
837 571 962 615 nunrsnr
979 567 1120 614 commu-

60 665 147 732 nione
164 678 307 734 uteretur.
352 667 430 731 Nam
449 675 659 732 commentum
679 659 1120 748 unrnnrnus11,Pracpcsitio-

69 801 127 844 ncn
143 777 191 846 dui
208 777 466 864 interpretandam
485 778 660 866 essequod
683 781 814 868 attinet-³
824 777 888 852 ad,
914 776 962 840 vel
988 777 1119 840 ratione
1169 755 1199 766 ”

67 880 176 968 toleto,
202 903 231 956 et
262 891 372 958 similia
400 890 542 956 refellere
564 889 643 956 nihil
662 890 778 956 attinet.
822 889 968 954 Ceterum
986 887 1118 974 quisque

66 1025 108 1068 sne
133 1015 235 1088 sponte
261 1005 422 1092 intelligit,
450 1016 571 1089 tempus
598 1001 679 1067 illud
706 1002 833 1087 respici,
862 1021 925 1086 quo
947 995 1063 1065 nunnus
1085 1021 1117 1062 se

65 1113 206 1194 Damasei
223 1139 242 1182 a
263 1117 448 1185 Iudaeorum
470 1114 684 1201 superstitione
707 1113 891 1179 converterit
908 1109 947 1178 ad
959 1117 1117 1178 cnursrun

64 1225 257 1307 profitendum.
314 1269 322 1284 ι

419 1473 422 1496 ⁵
479 1463 480 1470 ρ
513 1373 598 1458 vens.
622 1395 654 1460 8.

97 1571 121 1634 t
144 1582 280 1658 tempore
300 1573 355 1638 illo
379 1572 545 1638 Praeterito
568 1593 684 1636 neonus
706 1569 746 1636 ed
765 1569 910 1653 Praesens
929 1560 1120 1653 transgredi-

61 1692 115 1745 tur:
134 1681 226 1749 :attat
251 1683 312 1767 μὲν
334 1679 389 1750 οῦν
415 1684 465 1750 ent
490 1684 622 1770 ἠγοῦμαι
649 1707 749 1750 ποντα
772 1681 885 1767 ζημίαν
912 1675 987 1746 εἶναι
1012 1677 1066 1744 deci
1084 1673 1121 1744 τῦ
1235 1753 1237 1757 ι

58 1791 186 1880 ῦνερέχον
203 1799 259 1882 τῆς
277 1791 414 1880 γνώσεως
432 1799 571 1881 Χριστοῦ
589 1793 700 1878 Ἰησοῦ,
718 1797 776 1860 τοῦ
787 1791 911 1882 Κυρίου
930 1815 1002 1876 μου.
1044 1790 1121 1858 Vut-
1225 1788 1231 1797 ’

59 1926 147 1988 garum
173 1930 261 1973 sunm
296 1907 454 1974 notionem
482 1905 574 1970 hahet
593 1903 863 2000 particulatos,
883 1903 1000 1990 quippe
1021 1903 1122 1966 inser-

56 2015 127 2082 viens
143 2019 181 2084 ad
197 2020 342 2102 Verbum
358 2020 490 2106 ἠγοῦμαι
509 2019 597 2086 alteri
616 2010 733 2106 ἧρημαι
753 2016 983 2103 opponendum.
1029 2015 1121 2098 Quod

57 2131 179 2216 sequitur
201 2133 397 2202 inEditione
408 2135 550 2224 ,Recepta
566 2137 714 2216 μενοῦνγε·
727 2130 928 2202 substitutum
949 2129 1121 2214 eLihrariis

54 2250 89 2306 'est
101 2247 153 2329 pro
164 2246 325 2312 vocabulis
344 2247 401 2328 μὲν
421 2241 492 2324 οῦν,
513 2255 593 2330 quae
607 2244 647 2308 ad
662 2243 756 2308 fidem
775 2244 924 2310 Codicum
942 2242 1120 2329 antiquissi-
1183 2261 1186 2270 ·

52 2373 159 2422 norum
182 2357 382 2426 auctorisuo
403 2357 602 2430 restituerunt
621 2378 849 2424 onrnsuaonsus
870 2357 994 2442 aliique.
1026 2356 1119 2442 Apud

51 2478 153 2534 exteros
175 2451 284 2538 autem
305 2471 483 2556 scriptores,
507 2463 642 2555 quorum
660 2471 694 2534 in
712 2469 798 2536 libris
816 2471 995 2558 frequenter
1009 2469 1119 2557 legun·
1227 2458 1228 2463 ἵ

49 2586 105 2656 tur,
125 2575 353 2671 significatione
373 2581 457 2648 haud
480 2579 616 2646 multum
635 2581 849 2668 discrepante
868 2587 1025 2668 ρονοῦνγε,
1045 2581 1119 2648 seri-

47 2693 170 2772 ptoribus
202 2698 285 2762 Novi
315 2683 500 2762 Testamenti
529 2695 660 2786 usitato,
688 2706 724 2760 ut
759 2695 828 2763 setis
859 2695 940 2760 hene
967 2715 1003 2760 ea
1026 2694 1118 2760 Lan-

46 2824 80 2866 no
111 2830 188 2874 sone
223 2807 274 2900 (1)
312 2807 479 2874 reddiderit
514 2829 698 2890 euronotum
716 2811 779 2896 ‘qui
803 2821 835 2874 et
865 2820 950 2874 recte
976 2807 1116 2884 monuit,

46 2913 218 2988 lenticulam
245 2922 302 2990 καί
319 2921 382 2986 vim
402 2919 563 2992 intendere
587 2919 730 3006 temporis
751 2921 934 2988 Praesentis.
978 2919 1119 2986 Adiecti-

44 3048 105 3094 tum
124 3016 245 3116 ndns,
267 3034 354 3122 quod
377 3034 521 3100 nonnulli
541 3027 712 3120 prudenter
723 3032 926 3098 distinxerunt
943 3055 961 3098 a
982 3029 1118 3120 sequen-

42 3138 110 3209 tibus
129 3147 170 3216 roi
187 3145 297 3229 πάντα
303 3166 318 3228 ,’
335 3146 498 3234 respondet
519 3147 670 3232 superiori
689 3141 795 3228 ἅτινα,
815 3158 851 3212 ut
871 3168 907 3213 eo
927 3151 1036 3212 omnio
1058 3147 1116 3212 de-

42 3266 191 3338 notentur,
212 3271 425 3350 quaeeuoqce
444 3265 539 3327 antee
551 3261 591 3326 ab
605 3261 752 3346 Apostolo
770 3260 805 3324 in
816 3260 911 3326 lucris
924 3261 1021 3345 posita
1032 3273 1114 3328 sunt.
1181 3315 1189 3328 ,

39 3365 204 3440 Formulam
225 3396 306 3440 vero
329 3371 382 3444 δοῦ
408 3369 445 3439 τῦ
448 3368 615 3475 ῦπερέχον
632 3378 688 3460 τῆς
706 3369 843 3457 γνώσεως
860 3377 999 3458 Χριστοῦ
1016 3359 1116 3458 Ἰησοῦ

38 3475 109 3550 haud
134 3488 217 3567 scio,
251 3509 312 3554 eur
334 3498 501 3554 vennocus
508 3532 534 3564 ,
549 3506 703 3562 enorme,
726 3485 817 3550 etiam
836 3505 1064 3551 nunrnwsnnns
1086 3497 1116 3551 et

37 3613 241 3666 annumeratus
262 3599 410 3686 scriptam
433 3620 497 3666 esse
501 3589 618 3666 velint
628 3620 685 3684 pro
705 3595 813 3664 deci
774 3624 830 3684 την
848 3604 959 3684 γνοῦσιν
977 3605 1116 3688 Χριστοῦ

34 3701 143 3794 Ἰησοῦ,
169 3713 240 3805 τήν
259 3711 506 3806 ῦπερέχοοσον
503 3711 591 3780 crisci.
633 3709 774 3776 Studiose
795 3703 880 3777 enim
902 3724 1035 3790 rannus,
1057 3712 1115 3776 nisi

61 4005 98 4074 (1)
121 4012 174 4063 lion
201 4013 313 4064 mtlltum
335 4017 402 4064 iuvat
424 3967 555 4082 disputitio
579 4025 693 4064 muttum
720 4014 750 4065 ad
775 3973 903 4064 detonuit.
919 4011 989 4064 nise.
1005 4013 1070 4063 Tem.
1091 4014 1112 4063 1.

30 4111 48 4160 Ρ·
64 4101 127 4166 804,
148 4122 223 4172 quem
245 4103 360 4156 laudavit
377 4117 507 4156 nunetous.
541 4106 597 4158 Plus
614 4105 676 4158 lueis
693 4107 797 4165 afferunt
812 4106 859 4156 loci
873 4104 984 4170 descripti
994 4121 1007 4154 a
1017 4117 1114 4155 sensur-

29 4201 91 4260 osno,
109 4195 420 4262 Grs'eclsisclt·Deutscltes
446 4199 614 4251 Wdrterlttcl.
653 4201 687 4250 ne
711 4199 831 4250 Peniculo
846 4199 981 4262 μενοῦνγε
999 4197 1112 4248 nonnulla
1287 4240 1290 4246 .

29 4287 100 4363 nonpi
116 4288 143 4339 in
162 4293 292 4342 denotat.
309 4305 335 4357 p.
353 4293 416 4356 tte,
436 4295 495 4344 tto.

895 4439 903 4452 .
920 4387 958 4448 15
