2818 5032
276 437 280 446 ·
400 429 468 475 css.
492 406 545 476 tv.
570 429 656 473 unas.
680 409 732 484 21,
757 407 810 471 22.
847 452 853 460 -
1068 408 1129 473 331

71 594 259 673 morahnnrr,
281 593 396 658 incolas
417 593 468 658 vel
490 592 641 679 hospites,
664 592 719 678 qui
742 611 866 658 causam
891 612 963 656 cum
991 611 1028 654 eo
1049 610 1134 656 eom·

70 728 191 772 munem
221 705 385 774 iaciebant.
445 707 483 771 Et
517 705 608 771 huius
642 704 763 793 generis
780 726 874 770 nnnc
898 701 1023 773 tomo
1047 716 1134 770 erant

71 829 173 900 nutus,
204 842 363 900 casurus,
391 841 527 898 sucum,
557 835 744 898 ssnnrcnn,
767 819 860 884 etiam
880 837 1132 896 ssmnnonmus,

69 934 133 1012 alii,
165 955 234 1021 pars
256 933 528 1025 Phileppense'bus
554 935 688 1024 cogniti,
713 945 786 1019 'pars
809 932 970 1022 incogniti.
1015 921 1134 998 Horum
1215 920 1218 926 ¹

69 1047 157 1133 igitur
176 1069 212 1112 ex
231 1047 340 1114 ordine
361 1059 432 1114 sunt
453 1047 600 1136 ἀδελφοί,
620 1067 754 1134 qnorum
778 1046 905 1111 nomine
927 1045 1133 1136 Pditappen·

54 1181 116 1230 ,ses
133 1161 314 1228 salutantur.
624 1163 626 1170 ’

107 1258 211 1342 Altera
235 1275 376 1341 salutatio
399 1275 444 1342 sic
469 1272 596 1360 incipit:
629 1270 829 1352 Ἀσπάζονται
857 1273 942 1356 ὑμᾶς
971 1270 1079 1350 κόνιος
1106 1272 1135 1337 οἱ

68 1377 160 1470 ἅγιοι,
188 1390 339 1454 salutent
366 1409 423 1452 vos
456 1406 563 1452 omncs
586 1391 715 1452 sancti:
745 1385 777 1450 id
798 1387 859 1451 'est‘
876 1407 984 1451 omnes
1008 1405 1135 1451 caasser

69 1508 239 1567 sectatores
260 1499 331 1568 Beo
354 1504 554 1581 consecrati,
576 1507 732 1588 quotquot
752 1499 877 1564 Itomae
898 1507 983 1564 sunt.
1016 1501 1137 1564 Paucas

32 1693 35 1699 Ι
69 1612 157 1700 igitur
177 1615 217 1694 ab
237 1613 427 1680 adiutoribus
447 1613 508 1679 suis
531 1612 763 1678 multitudinem
784 1611 962 1700 distinguit,
986 1623 1022 1678 nt
1043 1611 1137 1678 Rue.
1233 1601 1237 1608 ’

68 1727 152 1795 XVI:
187 1733 247 1808 14,
280 1731 321 1795 15
353 1727 425 1794 alias
455 1737 642 1794 sectatorum
674 1749 802 1792 nnnrssr
830 1727 960 1792 familias
987 1727 1027 1792 ab
1059 1709 1136 1792 aliis.

69 1839 108 1906 Gi.
137 1844 158 1909 2
193 1840 270 1910 Gor.
302 1843 395 1906 xffl:
422 1843 473 1907 12.
524 1841 694 1906 Nonnullos
724 1863 797 1906 vero
829 1840 986 1932 sigillatim
1018 1859 1139 1904 memo·
1250 1871 1253 1878 v

69 1965 111 2018 rat
136 1955 235 2020 verbis
257 1951 393 2040 μάλιστα
412 1953 448 2022 δὲ
468 1955 498 2021 οἳ
519 1957 554 2022 ἐκ
572 1959 627 2042 τῆς
647 1953 804 2043 Καίσαρος
824 1954 927 2034 οἰκίας.
968 1955 1034 2020 Iam
1061 1953 1140 2018 illud

67 2065 193 2150 μάλιστα
227 2068 265 2136 δὲ
293 2071 437 2133 maxime
465 2090 558 2146 cero,
592 2077 698 2131 utrum
728 2067 899 2155 significet,
924 2067 1065 2132 homines
1087 2066 1140 2132 hic

67 2184 244 2248 memoratos
265 2203 340 2268 prae
364 2182 473 2248 ceteris
495 2180 641 2266 Apostolo
662 2181 842 2246 mandatum
865 2181 1001 2260 dedisse,
1024 2192 1061 2245 ut
1085 2203 1140 2245 sno

67 2295 185 2362 nomine
205 2294 451 2386 ,Philippenses
487 2295 648 2374 salutaret;
682 2313 721 2359 an
758 2293 862 2359 dicere
894 2305 1013 2359 tannim
1046 2291 1138 2372 velitt

67 2404 140 2473 hanc
161 2410 378 2476 salutationem
402 2429 477 2496 prae
498 2408 607 2474 ceteris
631 2405 884 2474 considerandam
908 2427 990 2486 esse,
1018 2408 1051 2471 in
1071 2429 1140 2472 me-

67 2517 114 2582 dio
137 2523 316 2609 relinquere
343 2522 444 2600 malo,
472 2541 568 2608 quam
588 2499 776 2599 asseverare,
801 2518 884 2606 quod
905 2519 1139 2606 minus‘explo-

69 2619 162 2700 ratum
186 2647 245 2703 est.
297 2635 503 2723 Sequentibus
537 2615 574 2702 oiv
595 2635 633 2702 ἐπ’
660 2613 715 2722 ἑῆς
736 2633 900 2724 ’Καίσαρος
929 2635 1023 2712 οἰκίας
1054 2653 1141 2697 ornn-

68 2767 203 2816 rrnrsms
224 2750 347 2814 milites
367 2747 610 2815 Praetononos
630 2747 769 2815 denotari
787 2729 885 2833 putat.
932 2749 971 2812 Et
993 2747 1048 2812 illo
1068 2768 1140 2812 sane

68 2869 219 2948 tempore,
247 2883 311 2948 quo
332 2883 447 2927 rannus
469 2859 595 2928 Romae
617 2862 752 2947 captivus
780 2872 876 2939 esset,
906 2859 953 2925 his
980 2861 1140 2926 interfuis-
1179 2921 1182 2926 .

69 2995 114 3051 se,
145 2977 200 3064 qui
232 2998 393 3042 crannum
422 2974 659 3061 profiterentur,
692 2973 785 3040 haud·
809 2985 928 3038 temere
952 2973 1076 3060 cogitur
1103 2996 1141 3038 cx

68 3085 134 3173 Cap.
152 3091 186 3154 l:
213 3093 265 3157 ta.
310 3087 372 3154 Sed
391 3101 550 3155 auctorem
573 3088 686 3166 miror,
715 3088 740 3152 si
758 3087 872 3152 milites
891 3064 960 3152 illos
983 3088 1017 3151 in
1036 3099 1141 3152 mente

7 3215 8 3218 ’
68 3196 207 3283 haberet,
240 3201 449 3288 perspicuitati
474 3223 537 3268 non
567 3201 638 3266 satis
656 3199 851 3266 'consuluisse
872 3197 1035 3266 scribendo
1054 3198 1088 3266 οἱ·
1107 3203 1142 3266 ἐκ

69 3319 120 3379 τοῦ
140 3315 345 3404 Πραιτωρίοο.
392 3313 510 3379 Deinde
534 3313 623 3379 valde
648 3311 774 3392 dubito,
806 3335 846 3378 an
873 3313 938 3398 ipsa
963 3309 1073 3395 rerba,
1096 3333 1142 3376 se·

70 3427 205 3495 eundum
241 3427 390 3518 loquendi
423 3449 534 3507 nsum,
569 3425 853 3514 interpretationem
877 3425 946 3518 Viri
973 3425 1069 3492 Docti·
1089 3427 1142 3490 le-

70 3551 144 3608 rant.
189 3542 285 3608 Aliud
316 3553 400 3608 certe
429 3542 558 3609 suadent
586 3541 647 3608 loci
679 3565 698 3607 a
729 3561 906 3620 mansue,
937 3563 1071 3607 annasse
1111 3549 1152 3635 et

70 3674 227 3723 consumo
251 3657 345 3752 allati.
389 3657 545 3745 Imprimis
570 3655 767 3744 comparandi
786 3655 832 3719 illi
855 3667 946 3735 sunt,
975 3655 1009 3719 in
1030 3653 1149 3742 quibus,

69 3766 253 3856 Praepositio
290 3771 324 3835 tn
359 3769 536 3836 Genitisnm
563 3767 729 3856 praecedit.
786 3767 838 3834 Sic
867 3769 946 3837 Luc.
976 3769 1009 3833 I:
1041 3770 1083 3830 27
1111 3773 1142 3828 et

70 3885 116 3951 11:
141 3893 161 3953 4
188 3909 310 3954 namin
333 3905 478 3972 sponsum
499 3881 592 3947 fuisse
621 3881 753 3968 legimus
775 3884 809 3960 ἐξ
831 3879 914 3950 οἴκου
940 3880 1050 3964 Δαβίδ.
1090 3877 1141 3942 si-

69 3999 180 4064 militer
203 4023 349 4068 rosncnus
373 3995 419 4087 (l)
446 3995 521 4063 dicit
549 3997 582 4074 ἐξ
610 3993 761 4083 ἐπισήμου
790 3995 911 4085 σφόδρα
936 3993 1028 4071 οἰκίας
1056 3985 1138 4058 ὄντα.

102 4321 138 4392 (1)
155 4318 241 4377 locum
259 4323 318 4375 mihi
336 4324 475 4375 monstrarit
492 4329 700 4368 sursumsunt
717 4313 743 4367 h.
758 4335 782 4366 v.
