2808 5032
242 390 306 454 258
617 405 684 452 cnr.
709 385 763 456 lll.
785 407 869 451 vens.
894 387 943 452 19.

241 575 296 638 eur'
319 573 476 636 seruiunt.
522 569 669 634 Similiter
689 570 772 636 idem
794 571 916 639 vivendi
939 592 1037 659 genus
1063 572 1207 662 proponit
1227 569 1316 638 Idem.

242 685 332 754 tvl:
372 687 432 762 18,
473 693 504 748 et
537 703 653 748 nomen
683 681 751 754 ltu·
781 687 802 754 2
839 683 918 756 Cor.
952 685 1010 754 IV:
1046 684 1132 752 lde
1162 707 1201 750 eo
1230 705 1322 750 mnr-

241 810 310 886 pat,
343 799 432 888 quod
446 819 516 886 pro
535 796 607 864 Deo
626 797 773 866 habetur.
819 799 917 866 Recte
934 809 1038 866 auton
1055 819 1201 864 urruns
1221 796 1325 864 homi-

243 933 298 978 nes
328 911 460 980 describi
491 911 598 991 docet,
631 911 838 1006 uoluptatibus
865 911 999 992 deditos,
1029 934 1110 1000 quae
1139 935 1180 978 ex
1202 912 1273 978 cibo
1295 921 1326 974 et

243 1037 319 1112 potu
348 1026 574 1112 percipiuntur.
621 1023 682 1090 Sed
703 1025 732 1088 ei
758 1025 897 1090 assentiri
915 1048 980 1092 non
999 1047 1141 1112 possum,
1166 1046 1241 1092 cum
1259 1025 1328 1090 cul-

125 1219 128 1226 Δ
244 1139 351 1204 culum
376 1139 480 1205 adiicit
495 1139 741 1224 interpretibus,
766 1139 821 1224 qui
842 1140 1001 1228 sequentia
1026 1141 1076 1206 mi
1106 1131 1175 1227 (ὧν)
1202 1140 1224 1226 η’
1250 1134 1330 1215 δόξα

242 1253 277 1318 ἒν
294 1257 337 1342 τῇ
356 1248 490 1342 αἰσχύνῃ
510 1250 613 1318 αὐτῶν
631 1273 686 1317 reo
708 1273 864 1318 venereae
886 1251 1061 1339 significare
1082 1262 1202 1337 putant.
1248 1252 1330 1314 Mul-

243 1375 276 1428 to
295 1363 399 1446 minus
419 1383 594 1441 nonnemo,
617 1371 792 1442 urendos,
814 1386 951 1430 sronmo
970 1362 1127 1442 concedo,
1147 1385 1279 1430 inunum
1296 1362 1330 1426 in

243 1487 348 1550 mente
377 1475 519 1542 hahnius
549 1478 849 1556 circumcim'oueru,
879 1475 964 1563 quod
987 1476 1218 1545 iamveterem
1239 1498 1330 1541 non-

128 1643 132 1670 ,
242 1591 336 1656 nullis
365 1590 500 1675 placuit,
533 1591 580 1656 uti
601 1611 739 1656 rnesoro
760 1601 792 1654 et
812 1611 1071 1668 suonosnsrao,
1094 1609 1228 1676 quorum
1248 1591 1332 1654 alter

131 1745 134 1752 =
241 1707 361 1772 Graeca
380 1703 528 1790 explicuit
549 1706 586 1768 in
605 1705 855 1770 circumcisione
875 1703 1051 1772 ueremmdr'
1070 1703 1222 1781 membri,
1249 1703 1333 1770 alter

210 1893 213 1898 Δ
242 1841 279 1890 ea
298 1816 432 1882 reddidit
456 1818 494 1880 iu
508 1815 683 1905 pudendo
703 1819 861 1903 opacorum.
904 1816 1006 1885 Immo
1026 1817 1092 1883 sine
1109 1816 1260 1900 scrupulo
1285 1840 1333 1882 se

242 1955 322 2020 quor
340 1930 626 2016 interpretationem
646 1949 884 1996 cunrsosroru:
918 1928 968 2016 ἐφ’
993 1912 1038 2007 οἷς
1063 1927 1124 1996 ἔδει
1146 1929 1335 2016 &matrim

243 2050 337 2124 σθαι,
367 2044 420 2110 ἐπὶ
438 2038 555 2118 τούτοις
574 2038 784 2125 esuriremus:
813 2061 951 2128 quocum
970 2041 1076 2128 magui
1095 2041 1164 2110 Viri
1185 2063 1333 2108 consen-

242 2157 339 2235 tiunt,
370 2156 463 2222 etiam
489 2176 643 2233 enorme,
668 2156 806 2241 quamvis
833 2152 885 2222 hle
903 2165 1042 2222 mentem
1060 2155 1192 2222 auctoris
1213 2158 1336 2222 arctius

173 2311 178 2322 ·
242 2291 338 2356 quam
356 2281 477 2356 oportet
499 2267 658 2356 restringit
676 2268 854 2336 scribendo:
879 2269 968 2358 quod
984 2271 1119 2337 minime
1140 2291 1194 2336 cos
1219 2269 1335 2347 deest,

240 2384 391 2474 quotidie
421 2386 457 2448 t'u
489 2385 649 2448 conviviis
681 2403 772 2466 esse,
807 2382 848 2448 de
885 2405 922 2448 eo
951 2385 1094 2452 maxime
1115 2383 1336 2473 gloriantur.

243 2497 312 2566 vox
337 2496 423 2566 enim.
440 2492 571 2584 αἰσχύνη
590 2497 624 2560 in
647 2483 738 2562 Noro‘
750 2498 946 2564 Testamento
963 2498 1033 2588 plus
1049 2496 1144 2564 semel
1162 2511 1338 2584 usurpatur

244 2612 284 2678 de
302 2631 428 2675 morum
453 2609 680 2700 turpitudine,
700 2614 772 2676 ut2
800 2609 877 2680 Ger.
898 2611 957 2680 IV:
979 2615 1016 2691 23
1041 2609 1081 2676 do
1099 2611 1239 2682 membro
1256 2635 1336 2701 pu-

244 2724 365 2802 dendo,
392 2727 455 2788 'aut
476 2725 573 2790 rebuo
592 2727 758 2809 venereis,
786 2747 845 2790 nec
867 2723 971 2813 Apo.
990 2724 1051 2790 111:
1074 2727 1134 2804 18,
1156 2745 1265 2811 neque
1290 2725 1338 2790 his

245 2837 390 2904 inlibris
422 2837 506 2902 alibi.
551 2836 671 2902 Deinde
698 2849 737 2904 ut
761 2837 943 2907 insolentius
975 2848 1020 2902 est
1050 2835 1169 2906 dicere:
1192 2860 1337 2928 quorum

241 2952 431 3042 gloriaest
456 2952 493 3012 iu
513 2950 610 3014 rebus
631 2953 701 3016 suis
723 2935 894 3027 emeretur
916 2951 961 3022 sio
986 2950 1143 3020 dictorum
1162 2949 1338 3018 circumia-

246 3065 387 3134 centium
415 3081 521 3128 sensus
548 3061 748 3148 interponere
778 3074 874 3131 vetat:
908 3087 1046 3152 quorum
1073 3065 1194 3155 glorio
1219 3072 1273 3131 eet
1300 3068 1338 3128 in

245 3178 493 3246 ctrmmmu'one
518 3175 655 3245 membri
675 3175 840 3266 pudendi.
889 3177 995 3262 Quid?
1027 3177 1113 3264 quod
1140 3177 1203 3244 loci
1220 3176 1338 3245 similes

247 3291 336 3362 Hal.
354 3291 399 3356 Il:
424 3294 476 3358 16.
498 3288 596 3361 nom.
617 3291 678 3359 VIr
701 3294 757 3372 21,
772 3303 809 3368 ¹et
831 3313 910 3379 quos
930 3291 1056 3358 aliunde
1076 3293 1252 3363 attidemnt
1275 3315 1338 3360 ns·

244 3415 378 3472 'rasurus
405 3415 436 3468 et
462 3425 675 3483 wnrsrnnms,
700 3406 827 3472 omnino
848 3403 993 3484 suadent,
1017 3417 1053 3476 ut
1071 3407 1336 3493 interpretemur:

247 3527 281 3588 et
305 3519 455 3608 glom'om
486 3540 581 3584 ruem
599 3527 730 3608 ponunt
758 3523 795 3588 iu
828 3523 893 3603 t't'r,
923 3521 1039 3609 quitur
1059 3520 1240 3607 infamiam
1271 3519 1337 3588 miri

247 3633 409 3720 inferunt.
457 3633 651 3700 Postremum
675 3654 794 3700 rsouus
815 3632 906 3702 attat
933 3630 973 3702 ed
1001 3631 1116 3717 ἐπίγεια
1135 3635 1336 3720 φρονοῦπεςι

248 3769 328 3835 quae
350 3745 375 3814 si
397 3745 518 3813 fervore
540 3745 696 3831 scriptoris
718 3744 889 3814 teatinensis
906 3745 1004 3831 posita
1023 3767 1087 3812 osse
1107 3746 1262 3812 sumimus
1279 3765 1338 3830 pro
1398 3771 1399 3776 ¹

246 3858 335 3936 cieo?
354 3859 468 3946 ἐπίγεια
486 3864 664 3947 φρονοῦντες
682 3858 756 3938 οἶοί,
783 3857 862 3926 nihil
891 3859 925 3928 in
950 3858 1117 3928 verborum
1136 3859 1227 3926 video
1255 3869 1336 3924 strn-

247 3985 352 4057 ctura,
376 3972 461 4060 quod
491 3971 650 4040 offensioni
679 3995 743 4036 esse
761 3972 864 4057 possit.
910 3973 948 4040 Et
968 3970 1079 4040 eodem
1097 3973 1182 4050 iure,
1208 3981 1243 4036 ut
1263 3993 1336 4036 mo-

246 4087 316 4155 nuit
329 4109 504 4162 nossemus,
527 4082 589 4150 hoc
610 4105 732 4149 sumere
753 4084 842 4164 licet,
867 4107 930 4172 quo
949 4107 1040 4172 supra
1059 4085 1107 4154 usi
1128 4103 1255 4160 sumus,
1280 4107 1336 4148 er·
1397 4095 1398 4108 ¹

245 4201 355 4287 pressis
373 4211 421 4264 ter
441 4197 620 4264 adiicientes
641 4196 805 4283 Singulare
824 4198 898 4266 ἐστί.
940 4199 1095 4264 Orationis
1117 4195 1200 4264 certe
1217 4219 1336 4283 perpe-

220 4393 222 4396 ·
247 4314 388 4378 tuitatem
400 4310 617 4397 imprudenter
628 4311 742 4378 tollunt
753 4333 923 4392 crnvrnus,
934 4305 1337 4390 an.'snrmrro1us,tror.rrns,
