2808 5032
188 413 190 418 ·
275 401 337 464 rso
601 419 669 462 ιιι.
692 397 731 464 ιι.
757 419 842 465 vm.
868 402 918 480 ιι,
944 365 997 468 rs.

271 596 302 649 et
321 607 410 670 saepe
429 584 511 669 apud
530 603 689 650 rostrum
710 585 856 672 aliosque.
904 587 1047 652 dativum
1069 609 1140 651 vero
1162 611 1203 654 uu
1222 611 1333 676 mquam

270 697 355 762 aliud
376 697 529 785 significet
547 719 641 783 quam
654 698 791 786 gaudeo
813 721 882 765 una
905 722 977 766 eum
1000 701 1129 787 aliquo,
1150 703 1238 768 valde
1256 704 1334 768 dubi-

272 823 319 875 to:
342 812 403 876 loci
425 823 509 876 corte
531 812 607 878 Novi
624 812 827 888 Testamenti,
848 811 902 879 ubi
919 813 997 878 illud
1017 814 1146 900 legitur,
1170 817 1243 880 tales
1259 829 1334 890 sunt,

272 935 306 988 ut
325 922 404 989 nihil
428 924 543 1002 obstet,
573 925 741 1012 quominus
760 927 805 991 sie
826 925 945 1012 ubique
966 925 1121 994 reddatur.
1168 929 1229 993 Sed
1251 930 1273 1015 si
1297 930 1334 992 rel

241 1044 497 1124 -uoarnunqunm
526 1039 567 1102 ab
598 1037 657 1104 hae
686 1038 940 1124 interpretatione
967 1039 1182 1106 decedendum
1205 1042 1263 1119 sit,
1286 1063 1334 1106 nou

270 1150 456 1217 crediderim
477 1161 581 1216 tamen
603 1152 645 1218 ab
668 1173 704 1216 ea
724 1151 832 1218 decedi
850 1175 955 1239 posse,
980 1152 1035 1218 ubi
1054 1153 1192 1250 Simplex
1203 1153 1295 1242 χαίρω
1312 1165 1336 1220 et

196 1307 198 1314 ·
269 1243 483 1350 (lompositum
512 1265 669 1351 συγχαίρω
697 1277 895 1333 eonounsnr.
941 1267 1045 1348 Quare
1062 1289 1230 1344 numurus,
1249 1289 1335 1332 vrrs

270 1377 494 1456 anomaliae,
528 1377 631 1444 etiam
661 1399 879 1446 ιιιιιιιιιιιιιιι
914 1401 1042 1466 sequor,
1077 1401 1217 1466 quorum
1239 1378 1337 1444 iudicis

271 1513 387 1558 sununs
408 1491 498 1556 dixit:
519 1491 653 1580 gaudeo
679 1501 712 1558 et
731 1515 799 1558 ιιιια
816 1493 950 1582 gaudeo
970 1495 1134 1560 vobiscum
1154 1495 1301 1560 menibus.

315 1604 454 1670 Eandem
491 1604 778 1691 interpretationem
815 1607 874 1672 sihi
914 1609 1071 1693 postulant
1106 1608 1278 1694 sequeutia:
1310 1592 1338 1673 ii

269 1715 385 1800 d'nrird
402 1719 453 1783 καί
471 1717 560 1801 iuste
571 1717 689 1806 χαίρετε
708 1719 760 1784 καί
772 1719 948 1805 amputat
970 1743 1040 1802 μοιε
1067 1729 1104 1784 ut
1117 1731 1286 1788 vertantur:
1302 1717 1340 1784 Id

271 1851 349 1894 vero
371 1831 481 1918 epirum
504 1837 537 1896 et
559 1851 616 1894 vos
632 1829 779 1918 gaudete
805 1839 838 1896 et
856 1853 924 1898 unu
940 1832 1087 1921 gaudete
1106 1855 1238 1899 mentm.
1280 1833 1339 1900 For-

272 1954 351 2009 tasse
380 1942 452 2030 quis
481 1943 558 2020 erit,
586 1942 642 2029 qui
669 1941 789 2008 Graeca
813 1943 850 2010 ro*
868 1941 944 2013 αιῖιί
974 1967 1049 2012 cum
1068 1968 1208 2014 suessio
1227 1946 1339 2037 aliisqrre

273 2055 421 2120 vertenda
452 2065 542 2140 putet
568 2056 744 2121 similiter:
762 2055 831 2134 sed,
855 2067 890 2120 ut
916 2058 1066 2126 vocabula
1087 2059 1141 2126 illa
1165 2061 1259 2148 vulgo
1275 2079 1340 2126 oon-

273 2169 404 2234 veuiunt
422 2167 538 2234 Latinis
557 2167 596 2234 id
617 2171 725 2258 operm
745 2169 795 2235 vel
814 2168 921 2248 idem;
942 2170 986 2236 sio
1006 2172 1094 2238 aliud
1111 2194 1172 2259 pro.
1189 2173 1227 2240 iis
1247 2172 1340 2238 substi-

274 2295 362 2348 tuere
391 2293 473 2350 relat
507 2304 684 2348 connexum
710 2283 844 2371 χαίριῐε,
871 2283 956 2350 unde
981 2297 1126 2372 apparet,
1159 2309 1232 2354 rem
1258 2286 1341 2373 signi-

273 2396 376 2475 ficari,
404 2398 441 2462 ot
469 2419 568 2486 quam
600 2395 838 2486 Philippenses
862 2397 1016 2488 gaudere
1037 2400 1220 2468 audeantur.
1264 2399 1340 2482 Quod

273 2531 349 2576 oum
383 2509 422 2574 V
419 2512 537 2598 ulgerio
558 2510 682 2576 latino
706 2510 787 2575 bene
813 2511 999 2576 intellexisse
1026 2511 1172 2580 ridentur
1199 2536 1340 2587 nussum,

273 2645 413 2690 oaorrus
441 2624 597 2710 multique
617 2603 812 2710 interpretes.
857 2626 962 2712 Atque
978 2623 1027 2688 his
1048 2625 1119 2692 ideo
1143 2648 1268 2714 quoque
1289 2627 1342 2691 sine

273 2737 419 2821 soruprdu
446 2737 609 2816 assentior,
633 2737 718 2824 quod
741 2738 814 2804 luce
841 2738 953 2804 elarius
975 2748 1038 2816 est,
1059 2757 1190 2806 inuuunt
1212 2739 1264 2806 hle
1284 2762 1342 2804 ura·

274 2849 365 2914 tionis
390 2859 540 2934 tanquam
568 2849 657 2914 filum
687 2871 752 2914 non
781 2849 991 2917 admonitione
1011 2851 1177 2918 ehsoidiue
1202 2853 1341 2941 gerard,

243 2979 248 2986 ·
273 2962 327 3028 sed
349 2963 497 3049 singulari
519 2963 649 3028 eandem
669 2964 762 3049 plane
783 2985 907 3030 oausam
927 2977 1126 3052 perseeutum
1152 2989 1238 3047 esse,
1262 2986 1341 3053 quan

273 3097 362 3140 versu
382 3074 588 3161 praecedente
603 3076 762 3164 attigisset.
865 3134 867 3139 s

317 3191 386 3258 Una
410 3191 551 3290 quaestio
571 3203 617 3258 est
636 3212 737 3278 eaque
760 3189 966 3276 perdifficilis,
987 3192 1083 3280 quid,
1102 3155 1235 3278 nempe,
1241 3191 1340 3293 Apo

273 3305 387 3384 stolus,
410 3311 443 3370 et
466 3306 552 3391 ribi,
576 3314 609 3370 et
631 3304 908 3394 Philippensibus
925 3305 1056 3394 gaudio
1075 3305 1223 3380 duxerat.
1267 3303 1341 3372 Haud

272 3418 365 3502 pauci
395 3418 542 3504 quidem,
572 3429 608 3484 ut
636 3417 854 3484 difficultatem
873 3419 999 3496 tollant,
1024 3419 1185 3516 Simplicia
1208 3423 1342 3510 χαίρωιί

223 3563 225 3566 ·
271 3531 388 3620 χαίρετε
406 3531 468 3597 alio
492 3533 631 3598 referunt
649 3533 926 3618 quamGomposita
946 3533 1101 3622 συγχαίρω
1122 3543 1153 3600 et
1165 3533 1339 3622 συγχαιριῐιι

271 3643 341 3722 sed,
375 3644 505 3711 ue=hoo
531 3645 661 3712 artifieio
690 3647 724 3712 in
754 3645 925 3710 orationem
949 3631 1176 3728 obscuritatem
1199 3640 1341 3732 importari

271 3756 390 3836 dieam,
413 3759 454 3824 ab
474 3781 533 3824 usu
550 3759 699 3826 sermonis
710 3757 876 3848 familiaris·
886 3760 1030 3840 alierum,
1046 3761 1115 3826 satis
1130 3761 1192 3826 illis
1203 3764 1342 3856 superque

271 3872 448 3938 renituntur
475 3873 624 3940 vocabula
640 3873 677 3941 τᾶ
696 3869 790 3954 eriri,
807 3894 892 3959 quae
916 3885 1030 3938 cuneta
1056 3873 1167 3942 eodem
1199 3870 1342 3944 referenda

272 4009 337 4051 esse
356 3985 479 4052 docent.
525 3987 608 4073 Ergo
627 4007 745 4051 usurus
767 3985 881 4071 gaudii·
894 4003 1017 4051 eausam
1037 3986 1087 4050 rel
1108 3991 1143 4052 in
1166 3995 1270 4054 morte
1291 4006 1342 4050 sto

177 4113 178 4116 ’
247 4173 252 4180 ,Ι
269 4099 433 4184 violente,
459 4099 509 4164 vel
533 4101 570 4163 in
597 4097 869 4188 Philippeosium
892 4077 985 4186 fide,
1005 4091 1078 4193 'vel'
1099 4100 1144 4165 in
1163 4095 1201 4166 eo
1228 4099 1342 4190 positam

122 4277 126 4300 ρ
156 4224 158 4228 ’
271 4212 329 4290 ait,
346 4211 435 4302 quod
455 4213 676 4299 interficitur,
699 4213 776 4277 dum
787 4208 880 4298 fidei
902 4213 1043 4300 illorum
1058 4224 1229 4304 (queratur.
1252 4215 1343 4296 Quae-

271 4325 315 4388 vis
343 4325 455 4392 harum
478 4327 769 4412 interpretationum
789 4347 861 4392 suus
884 4326 977 4394 habet
996 4339 1153 4414 patronos.
1200 4332 1241 4396 At
1258 4325 1343 4413 prima
1383 4320 1385 4329 ’
