2808 5032
268 407 333 468 236
604 425 671 468 etr.
695 400 748 467 111.
775 423 858 470 ms.
888 407 944 480 10,
971 407 1021 469 11.

236 613 242 618 ·
267 585 301 648 si
314 584 411 671 forte
434 586 562 649 σσνΐίαν
582 583 638 672 τήν
657 583 854 663 ἐξανάστασιν
872 589 935 653 τῶν
954 589 1081 671 νεκρῶν,
1101 605 1170 662 seu,
1192 595 1228 648 ut
1250 583 1331 650 hebet

267 706 494 775 consensuros,
518 700 553 761 si
569 699 665 786 forte
693 707 898 762 mortuorum
926 697 1197 762 resurrectimocm
1223 719 1330 762 conse-

266 831 370 896 quor,
393 809 425 874 id
446 821 506 892 est,
522 813 699 900 particeps
717 813 788 877 eiua
797 809 907 897 fiom,·
928 808 981 875 sod
1003 811 1139 899 aiforte
1148 811 1330 899 perveniam

266 921 316 988 ad
333 929 459 1011 tempos
486 922 583 986 Ιιαίαα
603 925 718 988 eventi.
763 924 855 1005 Quod
876 944 948 987 eum
970 944 1038 988 rem
1059 923 1261 1012 operandam
1281 923 1332 986 du-

266 1034 360 1112 xisse,
392 1055 455 1099 non
484 1035 704 1114 metuendam,
740 1057 776 1100 ex
805 1017 955 1102 constanti
982 1057 1040 1100 usu
1062 1036 1235 1101 Particulae
1254 1033 1332 1110 εἴασς

266 1145 475 1234 intelligimus.
523 1147 667 1229 Quaestio
689 1169 762 1212 vero
782 1169 869 1214 nunc
890 1159 950 1228 est,
970 1148 1125 1236 quomodo
1141 1148 1332 1224 iudicandum

266 1259 304 1323 sit
326 1259 365 1324 de
387 1257 447 1324 illis
468 1257 524 1345 τήν
542 1257 740 1336 ἐξανάστασιν
759 1267 821 1328 τῶν
839 1265 958 1346 νεκρῶν.
998 1262 1036 1326 Et
1055 1261 1191 1347 primum
1211 1260 1334 1328 iamdiu-

264 1371 393 1459 putnndi
422 1383 640 1460 argumentum
671 1373 798 1456 praebet
826 1372 972 1438 dissensio
1000 1374 1150 1440 librorum
1172 1375 1332 1449 Veterum,

265 1507 399 1573 quorum
420 1483 503 1550 haud
525 1485 618 1569 pauci
639 1505 696 1568 pro
718 1506 782 1550 uno
806 1485 955 1551 vocabulo
976 1490 1039 1554 τῶν
1065 1485 1128 1551 duo
1149 1486 1266 1552 hahent
1288 1486 1335 1574 τήν

264 1603 316 1678 ἓν,
344 1619 424 1684 quae
453 1584 660 1664 usmnmsms
690 1598 824 1686 genuina
856 1621 920 1664 esse
940 1610 1044 1684 putet,
1068 1621 1141 1665 cum
1163 1612 1195 1664 et
1214 1623 1334 1666 manum

150 1747 152 1752 ·
266 1712 446 1779 correctoris
474 1712 576 1776 minus
596 1709 747 1796 pr'odant,
771 1723 801 1776 et
827 1733 865 1776 se>
883 1712 1186 1800 graviore-tueantur
1208 1715 1335 1778 testimo·

266 1826 388 1890 nicrum
418 1824 569 1910 pondere:
600 1821 739 1887 similiter
768 1845 893 1902 nunnus,
925 1845 1090 1892 senonense
1109 1825 1235 1913 aliique.
1282 1826 1335 1890 Sed

266 1938 353 2003 valde
383 1937 530 2002 credibile
560 1934 637 2000 mihi
661 1947 722 2014 est,
743 1959 761 2001 a
783 1959 884 2002 rinno
905 1939 1078 2023 profectum
1098 1961 1161 2003 esse
1182 1940 1334 2026 vulgatum

265 2055 344 2130 τῶν,
366 2050 517 2114 Librarius
537 2070 624 2127 vero,
648 2071 689 2114 ne
709 2061 815 2114 auctor
835 2071 928 2115 mrum
948 2049 1229 2116 redituminvitam
1241 2029 1338 2115 miuus

264 2161 427 2228 commode
454 2172 656 2248 proponeret,
689 2161 749 2228 hoo
776 2153 810 2228 in
833 2164 965 2228 altorum
986 2163 1042 2252 τήν
1068 2167 1118 2246 ἓν,
1150 2165 1234 2251 quod
1266 2165 1338 2230 Luc.

264 2263 336 2341 XX:
363 2281 404 2342 35
427 2275 466 2342 de
488 2276 827 2365 singuliskomz'm'bus
843 2289 1018 2363 usurpatur,
1031 2288 1175 2356 mutuose,
1195 2276 1338 2364 quemad-

265 2389 522 2472 modumoontra
542 2388 616 2457 Act.
640 2389 698 2457 IV:
725 2392 744 2454 2
769 2391 913 2454 nonnulli
934 2411 1042 2456 eorum
1063 2412 1120 2476 pro
1139 2391 1195 2478 τήν
1213 2393 1250 2458 ἐκ
1266 2390 1339 2462 eub-

264 2477 418 2568 stituerint
438 2508 500 2570 τῶν
506 2551 517 2582 ,
537 2512 573 2565 ut
592 2521 693 2566 cuein
712 2500 882 2566 orationem
896 2500 935 2565 ad
954 2500 1191 2588 significandum
1209 2501 1339 2566 reditum

175 2602 182 2616 ⁸
264 2638 467 2682 communem'
482 2615 631 2702 aptiorem
654 2616 804 2680 facerent,
845 2615 993 2682 Codicum
1014 2628 1119 2682 autem
1143 2617 1340 2704 antiquorum

264 2742 295 2796 et
316 2731 486 2809 bonorum,
511 2730 566 2816 qui
585 2727 719 2794 Editioni
739 2729 893 2813 Receptne
916 2721 1163 2814 patrocinantur,
1187 2730 1338 2796 satienta-

265 2865 325 2930 gna
356 2843 444 2928 copia
473 2853 527 2907 est.
573 2843 681 2927 Neque
713 2841 753 2905 ad
776 2841 869 2906 fidem
896 2842 924 2906 ei
948 2842 1157 2930 derogandam
1174 2845 1340 2916 Veterum,

263 2979 343 3044 quae
360 2955 522 3044 dicuutur,¹
531 2953 570 3017 V
567 2957 732 3018 ersiooum
751 2954 886 3018 multum
901 2953 1003 3018 valent
1022 2955 1204 3034 testimonia,
1221 2955 1339 3022 cumin

262 3068 438 3134 huiusmodi
467 3067 688 3132 vocabulorum
717 3067 967 3152 interpretatione
985 3089 1096 3154 purum
1112 3067 1170 3134 sibi
1187 3078 1339 3142 consterno

262 3203 321 3246 nec
336 3179 423 3268 Syri
440 3179 532 3259 adeo,
551 3179 592 3248 ad
613 3202 708 3268 quem
719 3179 781 3244 iam
792 3181 967 3264 provocavit
979 3203 1119 3260 onns1us,
1138 3181 1222 3247 iuvat
1233 3192 1342 3246 aucto-

170 3321 172 3328 ’
263 3297 348 3375 ritas,
373 3295 489 3382 quippe
511 3295 566 3382 qui
584 3296 659 3362 Act.
674 3294 779 3362 XVII:
803 3298 844 3359 32
867 3293 950 3358 haud
970 3315 1056 3360 secus
1080 3317 1174 3381 quam
1198 3294 1342 3360 hocloco

257 3417 395 3502 scripsit:
419 3400 496 3484 1ἷῖδῖ
517 3399 579 3472 ΜΞ
599 3427 668 3503 <302
690 3392 812 3493 ltine&
835 3411 1035 3500 quamvisibi
1047 3411 1078 3474 in'
1092 3413 1232 3497 exemplo
1248 3413 1341 3477 Grae

262 3550 300 3594 oo
329 3537 450 3591 tantum
480 3536 525 3589 est
555 3523 719 3590 α’νιίστασιν
739 3525 856 3609 νεκρῶν.
898 3521 985 3602 Quae
1013 3542 1092 3585 cum
1111 3521 1153 3584 ita
1178 3521 1257 3610 sint,
1283 3541 1341 3584 uon

261 3639 369 3705 dubito
390 3663 464 3706 cum
485 3659 680 3706 consensum
701 3637 834 3700 retinere
851 3633 906 3722 τήν
926 3631 1122 3711 ἐξανάστασιν
1141 3639 1204 3701 ταῖν
1222 3639 1342 3722 νεκρῶν.

260 3753 321 3820 Sed
346 3775 432 3818 nunc
452 3753 526 3817 alias
546 3754 579 3816 in
601 3752 669 3814 lites
688 3749 862 3842 incidimus.
908 3746 997 3812 Haud
1020 3747 1111 3831 pauci
1145 3767 1281 3831 nempe,
1312 3755 1344 3808 ut
1386 3737 1387 3768 ¹

261 3889 412 3945 onorius,
437 3887 589 3943 nemsius,
614 3853 878 3928 oosnnuomnnus
896 3881 971 3925 voce
985 3859 1156 3943 Composita
1176 3856 1342 3936 ἕξαναῖστα-
1386 3843 1387 3906 l

259 4005 306 4060 σις
324 3981 393 4066 plus
413 3978 551 4058 denotari
568 3977 689 4052 volunt,
706 3996 800 4062 quam
811 3971 954 4060 Simplici
971 3967 1150 4052 α’νσῖστασις,
1172 3971 1342 4056 etquidem

260 4094 532 4158 resurrectionem
564 4091 714 4178 plenum,
744 4109 842 4174 quam
871 4085 968 4150 nulla
1002 4105 1112 4166 mors,
1144 4084 1231 4148 nihil
1249 4068 1343 4146 'mati

259 4215 433 4296 sequatur,
465 4227 520 4289 seu
551 4203 822 4267 resurrectionem
847 4202 991 4288 piorum.
1048 4199 1222 4265 Bnnennms
1251 4216 1341 4262 rium

154 4379 157 4388 .
259 4320 349 4383 serbo
376 4318 506 4402 explicat
539 4317 710 4404 dee'psr'us
734 4313 871 4382 Christi
893 4313 1003 4378 reditu
1030 4316 1065 4376 in
1094 4314 1206 4376 citam.
1261 4311 1342 4375 Coc-
