2818 5032
642 407 710 452 car.
734 388 786 454 tv.
810 407 894 452 vrrs.
918 391 948 450 7.

726 645 812 720 vans.
837 625 868 687 7.

298 805 383 888 Quid
404 815 509 870 autem
530 802 649 867 bonum
671 799 751 866 illud
774 813 839 880 est,
862 801 952 868 cuim
968 801 1002 866 in
1021 821 1109 886 apem
1130 792 1323 890 Philippen-

252 939 307 984 oea
338 919 380 984 ab
407 917 553 1004 Apostolo
587 908 768 1003 erigantur?
808 915 854 982 Ἡ
877 911 997 1003 εῐρήνη,
1024 914 1143 1002 inquit,
1165 921 1223 982 τοῦ
1247 917 1323 982 &aad

251 1031 313 1097 Sed
339 1031 379 1096 de
406 1029 499 1096 huius
529 1029 682 1094 lormulae
704 1028 832 1094 notione
856 1027 1054 1092 vehementer
1073 1027 1155 1092 inter
1176 1049 1209 1091 se
1234 1025 1324 1092 diace-

252 1156 341 1232 ptaut
368 1145 437 1213 VV.
451 1143 516 1210 Dll.
535 1143 687 1230 Plerique
718 1141 811 1208 hodie
833 1142 1077 1228 interpretantur
1100 1142 1324 1230 tranquillitas

242 1263 360 1364 'aaa'ma'
381 1283 404 1324 a
433 1257 503 1324 Deo
522 1258 676 1348 profecta
706 1257 755 1321 rel
778 1255 934 1332 similiter,
956 1267 992 1320 ut
1014 1275 1200 1332 sunrcnuo,
1223 1277 1324 1331 oman,

252 1395 358 1452 asaro,
381 1391 528 1438 otorano
550 1367 596 1461 (1)
625 1369 754 1456 aliisquo
774 1369 998 1457 antiquioribus
1017 1368 1080 1434 iam
1099 1367 1227 1457 placuit.
1271 1369 1325 1433 Nec

252 1486 361 1574 negari
381 1495 497 1572 potest,
520 1483 595 1550 huic
616 1483 861 1568 interpretationi
880 1483 996 1561 inesse,
1022 1482 1104 1569 quod
1125 1481 1235 1548 lectori
1246 1481 1326 1548 facile

251 1600 393 1667 arrideat.
439 1597 501 1664 Sed
524 1599 639 1663 leviora
659 1609 764 1663 tamen
784 1609 858 1662 sunt
877 1608 1080 1686 argumenta,
1100 1611 1182 1684 quae
1201 1596 1241 1663 ad
1259 1617 1326 1682 pro·

206 1739 220 1756 .
252 1713 387 1780 bundam
410 1735 479 1778 eam
504 1711 686 1777 afferuntur.
732 1711 825 1794 Quod
847 1711 986 1776 animer
1004 1710 1081 1776 locia
1100 1710 1276 1787 nonnrdlis‚
1297 1718 1327 1771 ut

254 1827 349 1894 Rom.
374 1828 409 1892 I:
433 1829 464 1892 ⁷.
482 1826 543 1894 ‘Vz
570 1829 584 1890 1
613 1825 760 1903 efficitur,
794 1825 890 1913 longe
922 1825 1097 1913 quaesitum
1128 1835 1187 1889 eet.
1231 1823 1328 1890 Oratio
1402 1839 1405 1916 4

150 1983 154 1986 -
253 1952 359 2006 eutem
395 1949 538 2022 contexta
572 1960 645 2005 oum
672 1939 743 2024 plus
773 1959 836 2004 una
862 1939 921 2005 alia
954 1937 1209 2025 interpretatione
1240 1933 1327 2024 magio

254 2075 350 2141 quam
379 2075 455 2144 pum
485 2053 545 2120 hac
567 2052 730 2140 conspirat.
776 2052 862 2136 Quin
880 2052 977 2118 animi
996 2052 1090 2120 etiam
1106 2050 1326 2138 tranquillitas,

254 2178 290 2232 ut
317 2167 398 2234 bene
429 2177 537 2233 monet
562 2189 731 2232 anamotus
754 2164 820 2256 (2),
853 2167 903 2231 vir
926 2179 981 2233 aut
1001 2171 1042 2233 ne'
1061 2168 1111 2232 vir
1129 2167 1258 2254 quidem
1275 2165 1327 2231 dici

254 2293 355 2368 potest
373 2282 396 2368 ἡ
413 2280 606 2369 ὑπερέχουσα
624 2277 725 2350 πάντα
744 2288 835 2362 vorin·
863 2281 923 2348 nisi
944 2280 1022 2347 haec
1041 2259 1251 2368 explicentur}
1272 2303 1327 2344 aa·

254 2398 340 2460 ma'na'
359 2398 493 2485 cognita
517 2395 602 2478 alii,
629 2417 727 2483 qaam
749 2398 957 2485 exportatio
979 2396 1110 2479 edocto,
1138 2416 1220 2482 quae
1239 2393 1328 2460 auda·

255 2509 320 2575 oior
339 2502 448 2596 aurun
470 2503 647 2576 coniectura
669 2518 723 2575 est.
761 2509 908 2590 Accedit,
933 2510 1017 2599 qnod
1044 2510 1137 2575 verbo
1159 2507 1328 2593 ὅΘεὸςτῆς

254 2619 372 2712 εἰρήνης
399 2645 443 2689 vs.
469 2627 509 2701 9,
540 2644 676 2710 quorum
705 2623 783 2690 ratio
805 2623 858 2690 hic
882 2625 1010 2696 omnino
1033 2622 1177 2690 habenda
1200 2622 1326 2695 videtur,

254 2735 359 2802 Deum
395 2758 460 2801 non
480 2736 647 2803 inducunt
676 2740 939 2828 tranquillitatis
971 2741 1088 2804 animi.
1144 2737 1239 2825 Magis
1263 2755 1326 2799 vero

255 2849 343 2918 haec.
359 2849 452 2914 verba
482 2850 672 2936 opitulantur
693 2874 891 2930 unadelino,
914 2873 1069 2930 canarno,
1091 2859 1262 2927 urunadnr,
1280 2845 1326 2933 qui

156 3002 158 3012 .
191 2957 193 2963 ⁸
252 2967 353 3054 pacis
385 2971 516 3028 micae
549 2964 694 3062 alodiam
729 2965 777 3029 vel
814 2969 1091 3032 conservationem
1121 2966 1162 3031 ab
1194 2961 1326 3050 Apostolo

251 3097 300 3141 aa.
324 3080 343 3140 7
367 3075 500 3162 proponi
517 3055 638 3162 putant.
682 3077 743 3143 Sed
760 3077 806 3144 his
826 3080 1050 3166 Interpretibris
1072 3079 1194 3145 obstant
1215 3095 1324 3166 quoque
1404 3165 1405 3170 ἵ

257 3211 395 3258 connexa
415 3191 438 3276 ἡ
456 3189 647 3279 ὑπερέχουσα
667 3189 768 3261 πάντα
787 3200 875 3261 vodo:
908 3195 1062 3282 siquidem
1086 3215 1145 3259 nec
1170 3193 1254 3280 pacis
1275 3201 1324 3255 stu·
1399 3171 1406 3272 l

258 3303 344 3382 dium
363 3306 412 3370 vel
432 3305 622 3372 conservatio
640 3305 701 3374 hoc
724 3310 849 3404 nomine
867 3309 986 3375 laudari
996 3319 1107 3396 potest,
1122 3307 1323 3396 quodomaea
1405 3311 1406 3316 ’

257 3422 488 3507 cogitationem
513 3429 671 3510 superat,
701 3445 760 3488 neo
788 3443 844 3509 per
865 3423 1015 3509 loquendi
1035 3443 1126 3486 usum
1147 3420 1280 3488 scribere
1296 3416 1323 3480 li-

259 3581 481 3600 -d—-n——um

290 3680 329 3751 (1)
354 3683 398 3732 tlte
422 3693 501 3745 umen
523 3683 644 3734 vocabulis
664 3687 714 3736 τοῦ
734 3685 808 3737 Θεοῦ
827 3685 925 3736 eandem
942 3687 1014 3736 ctiam
1030 3689 1104 3736 inesse
1122 3687 1158 3735 ait
1175 3682 1323 3734 eccellentiae
1399 3601 1407 3747 l

255 3777 389 3840 notionem,
411 3791 483 3844 quani
499 3775 553 3826 aliia
570 3779 596 3826 in
612 3777 670 3828 locia
685 3777 772 3828 lrabeat
789 3777 918 3846 appellatio
934 3781 995 3829 Dei.
1031 3781 1062 3830 Et
1078 3788 1147 3844 aunt,
1167 3779 1211 3845 qul
1228 3777 1251 3826 el
1266 3787 1324 3824 aser

256 3870 357 3918 riantur.
391 3867 437 3918 Sed
459 3867 542 3918 multia
560 3869 667 3920 fraudem
686 3871 745 3922 lacit
760 3871 842 3938 regala
860 3885 957 3922 enimn.
970 3874 1036 3922 Toni.
1055 3871 1078 3922 1.
1093 3887 1119 3938 p.
1136 3871 1186 3935 to,
1205 3871 1249 3918 41:
1276 3867 1325 3915 llaec

255 3963 320 4010 enim
337 3965 498 4026 Saperlotioi
514 3964 709 4028 significationem
726 3983 773 4017 non
790 3967 852 4032 capit
869 3968 944 4016 oratio
961 3966 1021 4016 Novi
1038 3965 1196 4030 Teatarueuti3
1213 3979 1255 4012 nec
1270 3973 1324 4008 men·

256 4063 305 4103 tem
332 4055 458 4105 Poetarum
479 4056 637 4107 Hebraeorum
655 4059 748 4106 omnino
765 4057 900 4124 explicant,
918 4042 1001 4125 quie.
1019 4058 1130 4110 everha
1148 4021 1291 4113 ΙῖΝἻἾἾΠ
1305 4061 1323 4101 tl

256 4107 391 4203 ‘Nlldll
409 4149 630 4199 Psaroxxxvt:
649 4151 664 4196 7
684 4159 708 4198 et
725 4151 818 4199 LXXX:
837 4153 870 4200 11
888 4153 1074 4218 interpretantur
1092 4159 1187 4202 mantas
1203 4147 1323 4208 aaaron,

262 4240 333 4289 cadri
347 4242 494 4290 ottonianae.
513 4241 550 4290 cf.
568 4253 691 4306 arsenios,
709 4243 887 4308 Letryetttode
908 4244 953 4294 der
968 4245 1048 4295 Heia.
1068 4246 1189 4311 Spracha.
1206 4262 1230 4312 p.
1246 4241 1297 4290 aot.

295 4330 338 4399 (2)
356 4334 428 4384 Noae
449 4335 534 4383 Tltaol.
553 4333 677 4382 atterrat.
695 4335 761 4383 Tora.
779 4335 808 4386 X.
824 4351 849 4401 p.
870 4337 921 4402 28,
938 4337 982 4385 29.
