2812 5032
345 334 349 342 .
449 377 516 422 mr.
535 355 575 419 11.
599 364 683 421 unns.
706 360 737 420 9.
905 319 912 328 .
1070 358 1131 430 157

68 564 176 620 esurus,
205 548 389 629 monitus,
424 545 618 608 nrnsrnnuts.
674 542 716 606 At
736 538 778 604 ·hi
806 551 909 606 tamen
937 539 1009 610 'Viri
1037 541 1086 604 vel
1101 557 1132 605 'a

67 665 159 720 mente
176 656 308 722 auctoris
328 653 461 760 lougius
469 655 628 732 aberrant,
652 675 768 720 nomen
789 653 882 720 Filii
892 653 960 720 Dei
968 652 1134 741 significari

66 766 289 849 contendentem
313 768 364 832 nel
387 790 456 834 eam
477 779 560 833 certe
578 767 621 832 ab'
637 767 722 832 omni
739 777 826 852 parte
840 768 974 844 assecuti·
986 790 1049 840 non
1067 787 1133 832 esse
1225 758 1227 761 ’
1286 749 1295 764 Ι

67 880 205 946 videntur.
250 879 403 968 Equidem
422 881 476 946 diu
497 893 675 968 persuasum
696 879 772 944 mihi
791 879 903 959 habui,
926 892 989 945 tarn
1010 879 1132 946 firmam

33 1041 39 1068 -,
66 1015 120 1058 esse
145 982 239 1058 fidem
271 994 545 1080 Interpretationis'
560 993 693 1058 maxime
720 992 872 1079 vulgaris,
887 1005 934 1058 'ut
954 993 1132 1058 labefactari

66 1128 119 1170 non
134 1115 249 1192 posset:
270 1127 304 1170 re
321 1127 394 1170 vero
417 1104 500 1172 haud
524 1107 567 1172 ita
587 1105 709 1192 pridem
729 1105 832 1171 denuo
854 1105 1009 1192 explorata
1032 1107 1131 1172 anim-

66 1217 181 1298 adverti,
223 1217 279 1284 hio
317 1240 443 1306 qnoque
476 1218 704 1286 Proditionem
734 1241 864 1306 regnare
893 1218 1131 1312 Exegetioom,

66 1353 179 1417 quaese
200 1333 339 1398 virorum
360 1355 547 1420 magnorum
565 1336 747 1400 auctoritate
763 1334 860 1420 magis
873 1344 1012 1411 tueatur,
1036 1351 1131 1419 quam

65 1457 306 1531 argumentorum
320 1445 351 1510 ui
373 1459 404 1512 et
422 1447 571 1531 pondere.
616 1449 655 1512 Et
672 1447 809 1532 primum
828 1469 917 1522 saue,
940 1465 1131 1533 quamquam
1223 1487 1226 1498 «

65 1556 235 1644 Interpretes
255 1569 286 1622 et
306 1558 529 1646 Lexieographi
550 1560 664 1624 multos
682 1560 853 1624 Literarum
868 1561 1032 1624 Sacrorum
1048 1560 1133 1624 locos

67 1671 227 1736 excitarunt
245 1670 295 1736 ad*
312 1671 525 1757 probandum,
555 1694 663 1737 vocem
691 1668 790 1757 ὄνομα
817 1695 907 1759 saepe
934 1695 998 1738 non
1014 1669 1132 1760 ,ipsum

67 1782 223 1869 siguificare
257 1807 389 1863 nomen,
422 1785 476 1850 sed
505 1787 586 1864 eius,
617 1785 672 1872 qui
694 1769 809 1850 nomen
834 1796 936 1872 gerat,
961 1787 1132 1875 gloriam,
1201 1789 1205 1796 ’

65 1899 269 1974 maiestatem,
292 1897 492 1987 dignitatem
507 1911 561 1964 aut
576 1898 676 1963 simile
699 1898 799 1986 quid,
813 1897 861 1962 his
880 1891 1037 1964 tamenin
1057 1901 1133 1966 locis

65 2009 129 2076 nihil
152 2009 252 2079 inesse
282 2015 401 2100 reperi,
426 2012 550 2100 quoda
574 2001 700 2078 notione
722 2017 862 2078 nominis
881 2012 997 2084 discedi
1017 2013 1131 2080 iubeat.

51 2123 203 2212 'Lagantur
229 2125 434 2197 Mare'VI:
464 2121 515 2192 14.
553 2125 674 2192 Ionon.
700 2127 860 2196 xitius.
892 2126 968 2194 Act.
995 2127 1055 2190 III:
1080 2129 1131 2193 16.

66 2235 145 2302 nom.
172 2239 203 2304 I:
240 2245 275 2306 5.
308 2241 385 2304 IX:'
403 2243 442 2305 17
463 2251 493 2304 et
524 2239 593 2318 alii,
625 2239 659 2304 in
686 2261 821 2327 quorum
854 2239 1012 2305 nonnullis
1035 2234 1133 2322 ὄνομα

65 2351 174 2437 quidem
191 2352 230 2419 de
256 2357 385 2421 nomine
403 2353 577 2442 splendido
597 2342 647 2416 nel
662 2354 817 2442 glorioso
839 2351 1056 2439 accipiendum
1076 2363 1131 2430 est,

64 2485 156 2531 nerum
178 2466 238 2546 ita,
268 2478 303 2530 nt
324 2468 409 2532 notio
427 2465 615 2556 splendoris
632 2465 682 2529 vel
698 2467 834 2554 gloriae
854 2464 912 2551 ipsi
930 2487 994 2530 non
1012 2464 1130 2540 adseri·

64 2573 140 2668 batur
157 2580 242 2658 voci,
272 2577 326 2646 sed
346 2580 490 2646 orationis
514 2588 679 2658 contextae
697 2601 787 2644 causa
809 2579 838 2642 ei
865 2562 1029 2664 cogitando
1053 2577 1132 2654 adii·

63 2672 157 2758 eiatnr.
201 2691 323 2758 Eodem
341 2693 433 2758 modo
453 2692 624 2758 iudicemus
646 2703 768 2778 oportet¹
781 2691 821 2758 de
845 2691 919 2756 locis
940 2691 1059 2760 Veteris
1075 2691 1133 2756 Te·

12 2845 15 2854 ,
64 2807 203 2885 sumenti,
235 2805 293 2870 uhi
325 2807 412 2870 aiunt
434 2799 502 2875 Viri
532 2807 622 2872 Docti
651 2827 760 2872 vocem
778 2806 951 2871 Hebraeum
980 2805 1031 2876 nti
1055 2805 1131 2894 glo-

64 2920 137 2985 riam
164 2925 406 3014 dignitatemve
432 2920 562 2986 alicuius
587 2919 751 2997 denotare,
783 2921 828 2984 uti
861 2919 958 2984 Num.
986 2919 1076 2986 XVI:
1096 2922 1131 3012 2.

66 3033 77 3091 1
101 3034 215 3102 Chron.
238 3036 345 3104 XVII:
368 3039 400 3102 8.
423 3033 507 3101 Neo.
528 3035 588 3098 IX:
604 3037 655 3101 10.
679 3032 747 3098 Ies.
770 3033 913 3101 XLVIII:
936 3036 967 3098 9.
1013 3031 1131 3096 Falsam

62 3157 151 3214 autem
170 3149 256 3216 hanc
279 3149 575 3233 interpretationem·
586 3171 665 3226 esse,
679 3147 889 3236 intelligemus
910 3167 983 3211 cum
998 3146 1132 3210 maxime

62 3278 91 3322 er
117 3263 268 3329 similibus
297 3261 396 3327 Dent.
432 3262 549 3330 XXVI:
568 3265 637 3328 ·19.
671 3263 687 3325 1
720 3258 843 3328 θΙινοηζ
871 3259 975 3324 XXII:
999 3253 1029 3326 5'.
1058 3241 1130 3334 Iar.

61 3369 136 3440 tut:
149 3380 201 3456 11,
221 3376 284 3441 uhi·
298 3397 355 3440 vox
372 3373 479 3441 eadem
501 3376 554 3445 nti
575 3375 615 3440 ab
635 3373 718 3452 aliis,
742 3395 822 3460 quae
838 3373 989 3461 gloriam
1004 3369 1054 3435 vel
1069 3371 1131 3436 tale

62 3485 126 3567 quid
142 3489 330 3579 significant,
353 3487 395 3554 ita
416 3485 629 3575 distinguitur,
653 3498 689 3551 ut
709 3489 853 3551 nominis
871 3482 1033 3550 retinenda
1045 3481 1131 3549 notio
1245 3569 1250 3579 ,

61 3595 100 3659 ⁵5²·
130 3601 233 3692 Atque
254 3599 317 3667 hoe
336 3611 400 3666 tam
414 3597 561 3666 ‘clarein
582 3601 688 3665 oeulos
708 3599 856 3677 incurrit,
879 3609 915 3662 ut
930 3595 1130 3663 vehementer

59 3728 209 3796 osorton,
231 3735 413 3794 snonmun,
437 3733 672 3780 numnwsnuun
693 3714 769 3778 illue
783 3735 964 3798 provocasse
983 3711 1144 3778 mirerad-
1217 3775 1220 3782 ,

11 3813 12 3828 ’
60 3823 206 3910 vulgarem
238 3850 377 3894 errorem
407 3827 646 3894 defendendum.
692 3827 780 3892 Idem
802 3826 931 3892 docetur
954 3825 1031 3891 loois
1052 3823 1130 3889 Novi
1221 3845 1224 3855 ·

58 3931 249 4022 Testamenti,
284 3940 398 4028 quibus
424 3943 609 4028 Interpretes
637 3939 724 4004 abusi
745 3950 833 4018 sunt,
865 3937 1130 4026 quemadmodum

52 4032 167 4146 'laonia
186 4055 265 4120 XII:
291 4059 350 4122 28:
374 4077 448 4121 nam
467 4050 564 4140 ὄνομα
581 4053 626 4118 ihi
649 4051 728 4120 nihil
745 4053 831 4119 aliud
853 4075 932 4130 esse,
958 4073 1054 4137 quam
1072 4071 1130 4115 no«

59 4179 121 4224 nen
137 4165 204 4232 Dei
220 4167 422 4245 Paternum,
444 4167 526 4232 hene
546 4165 667 4238 monuit
686 4189 829 4233 iromus.
873 4161 1030 4252 Imprimis
1055 4185 1130 4230 vero

59 4271 187 4344 animum
208 4281 369 4370 attendere
391 4281 540 4374 dehemus
560 4278 599 4348 ad
617 4277 709 4368 Epir.
732 4281 763 4344 I:
786 4281 826 4344 21
850 4246 891 4341 etl
904 4276 1007 4346 Hebr.
1033 4275 1064 4341 I:
1091 4280 1131 4355 4,
