2818 5032
450 367 524 460 *cin
546 393 600 462 Ν.
624 415 710 460 vens.
733 400 765 463 6.
850 461 852 466 ,
999 467 1003 474 ,
1054 399 1156 464 ’285

90 577 240 640 converto:
254 565 374 642 Facite
388 585 430 656 ret
442 576 613 644 desiderata
633 586 745 645 oestro
761 577 856 670 apud
869 579 973 648 Deum
989 584 1160 674 explicato

88 691 158 752 sint.
202 689 268 756 Hoc
290 701 395 754 autern
410 712 483 756 eum
501 690 678 757 faciendum
693 692 777 758 dicat
803 701 846 786 τῇ
871 701 1030 788 προσσχῇ
1048 698 1100 762 καὶ
1117 701 1160 787 τῇ

88 799 195 891 δεήσει,
225 809 462 882 nnrnnronsros,
495 825 663 884 sronnrus,
695 829 831 872 omerus
866 830 938 874 eum
976 809 1159 897 Synonymis

88 919 128 982 uti
142 929 260 1006 putant.
284 917 376 1002 Quod
396 916 480 984 haud
497 918 686 1005 probabilius
709 943 781 986 sane
804 933 864 1002 est,
887 945 983 1011 quam
1009 924 1159 990 sententia

85 1053 206 1111 onorii,
245 1053 392 1110 eooomr,
419 1055 596 1098 vrrnrnoar
618 1032 685 1122 (1),
720 1036 817 1100 altero
841 1019 993 1102 vocabulo
1021 1059 1156 1127 precer,
1198 1121 1200 1130 .

84 1147 173 1211 altero
193 1147 441 1237 deprecationes
468 1147 644 1236 significari.
678 1147 774 1236 Magis
795 1147 873 1214 mihi
893 1150 1008 1216 arridet
1030 1151 1156 1230 saltem,

83 1261 159 1347 quod
198 1283 273 1326 cum
303 1261 408 1326 multis
442 1260 509 1326 aliis
538 1272 643 1326 censet
673 1285 901 1357 nrrrnrnsrus,
934 1267 1084 1330 orationi
1109 1265 1159 1330 r'rd

81 1372 178 1438 Deum
206 1351 345 1440 habitae
357 1379 582 1464 precationem
606 1377 731 1464 proprie
752 1377 795 1442 ita
815 1377 930 1443 dictam
952 1377 1099 1466 adiungi,
1121 1390 1157 1442 ut

18 1525 21 1534 ,
81 1489 191 1574 species
232 1513 251 1555 a
286 1511 399 1578 genere
429 1489 648 1577 distinguatur.
702 1491 787 1564 Haeo
814 1489 899 1556 enim
924 1491 1155 1579 interpretatio,

81 1603 124 1666 oti
151 1614 231 1670 stare
260 1614 361 1689 potest
388 1601 481 1692 Eplr.
511 1599 646 1672 v1:18.
679 1602 820 1692 1.T²'m·=
845 1605 893 1669 II:
926 1607 955 1670 1.
978 1606 1022 1674 V:
1045 1611 1083 1685 5,
1102 1605 1157 1670 uhi

78 1713 230 1805 σρσσευχή
257 1727 288 1781 et
312 1715 415 1805 δέησις
434 1715 544 1782 eodem
566 1717 616 1781 vel
634 1716 756 1784 inverso
777 1716 884 1782 ordine
903 1716 1155 1807 coniunguntur,

77 1829 164 1909 item,
198 1831 372 1897 seeundum
390 1829 565 1895 Editionem
586 1833 771 1917 Receptam,
792 1830 868 1898 Act.
895 1820 1004 1914 1:143
1033 1831 1075 1898 ita
1100 1854 1157 1898 eo-
1240 1845 1247 1856 '

77 1943 122 2027 pia
153 1941 358 2036 confirmatur
384 1943 543 2030 looprum,
572 1945 628 2030 qui
648 1967 757 2009 vocem
780 1945 961 2011 alterutram
979 1946 1156 2024 continent,
1187 1980 1190 1986 ·

76 2077 186 2144 nempe
206 2055 338 2123 Mattio
351 2058 443 2125 XXI:
458 2061 511 2123 13.
534 2057 613 2124 Luc.
634 2056 664 2122 I:
687 2061 738 2125 13.
757 2058 817 2127 vl:
840 2061 893 2126 12.
914 2059 992 2129 Act.
1005 2057 1155 2129 xv12'13.

77 2167 168 2234 Item.
190 2173 238 2239 X:
262 2175 292 2234 1.
315 2175 330 2238 1
358 2170 435 2239 Gor.
459 2171 584 2240 v11:5.
608 2169 628 2236 2
655 2170 732 2238 Gor.
752 2171 783 2236 I:
803 2175 854 2237 11.
875 2171 968 2238 Phil.
988 2174 1077 2252 124,
1102 2177 1154 2240 19.

78 2285 91 2345 l
122 2263 200 2351 P'et.
232 2285 295 2349 HI:
323 2287 375 2350 12.
426 2285 554 2351 Causam
578 2285 604 2350 si
631 2283 769 2370 quaeris,
797 2306 855 2350 our
884 2297 994 2351 auctor
1023 2296 1156 2372 utraque

73 2404 132 2476 σσῖς
150 2395 303 2486 αἰτήμασι
322 2398 539 2485 praeponenda
560 2398 594 2464 in
613 2395 757 2464 orationis
773 2396 947 2462 ubertatem
966 2420 998 2462 se
1017 2399 1156 2464 coniece-

74 2510 124 2591 rit;
154 2511 294 2578 studiose
323 2511 384 2579 hoo
406 2513 522 2579 factum
547 2523 642 2598 puto,
665 2533 729 2598 quo
750 2509 866 2576 diutius
885 2509 1156 2602 Philippensem

72 2627 189 2694 animos
216 2628 253 2692 in
283 2649 320 2693 eo
348 2639 484 2706 teneret,
505 2625 852 2714 quodeffioaoissimnm
871 2625 951 2691 ritae
970 2624 1157 2707 Christianae

74 2740 154 2805 velut
172 2741 361 2807 alimentum
381 2753 436 2807 est.
460 2741 533 2805 'Neo
553 2741 666 2804 frustra
681 2737 840 2825 adscripsit
858 2735 937 2821 μετσί
957 2736 1157 2826 εὐχαριστίας,

69 2876 138 2919 eom
164 2858 366 2942 gratteram
379 2857 538 2933 notione,
567 2853 620 2918 sed
650 2863 687 2917 ut
717 2873 750 2916 se
777 2851 857 2927 velle
886 2849 1079 2928 ostenderet,
1101 2850 1157 2929 rdr

67 2961 174 3054 cepte
189 2969 231 3036 ου’
256 2964 349 3052 μόναν
375 2966 492 3054 αἴτησιν
518 2961 611 3047 εἶναι,
641 2965 722 3032 etro
740 2967 790 3032 uod
809 2964 1001 3055 εὐχαριστίαν
1018 2963 1095 3050 ὑπὲρ
1114 2953 1157 3030 ὧν

68 3079 188 3167 ἔχομεν.
231 3082 336 3156 Verba
367 3093 440 3146 sunt
471 3101 708 3158 euersosrour,
741 3059 879 3167 quocum
910 3099 1156 3154 rnnononnrns,
1199 3067 1200 3072 ¹

52 3217 273 3264 ,onconrmns
305 3196 420 3282 aliique
450 3195 532 3260 hene
567 3205 772 3273 monuerunt,
805 3206 874 3258 tum
903 3192 1030 3260 demum
1051 3211 1159 3277 preces

68 3323 187 3378 nostras
224 3312 291 3376 Deo
323 3312 464 3396 plaeere,
501 3312 545 3404 si,
575 3291 798 3378 beneficiorum
827 3311 916 3376 nohis
941 3308 1158 3396 praestitorum

65 3420 150 3490 haud
174 3425 394 3505 immemores,
428 3436 551 3514 gratum
574 3423 604 3488 ei
625 3424 781 3502 animum,
804 3423 854 3488 vel
876 3423 910 3487 in
932 3422 1024 3487 rebus
1046 3419 1158 3511 tristis7

63 3535 166 3620 simis,
194 3539 409 3607 testificemur'.
431 3540 477 3607 cf.
506 3543 520 3603 1
549 3536 634 3604 Tim.
657 3536 707 3602 11:
736 3538 766 3602 1.
809 3533 900 3616 Quae
922 3554 996 3598 oum
1017 3533 1060 3598 ita
1079 3533 1155 3608 siut,

62 3649 96 3715 in
127 3653 234 3718 altero
265 3651 358 3718 huius
381 3675 485 3716 versus
507 3650 650 3716 membro
673 3669 789 3718 sauros
809 3645 916 3712 dicere
937 3645 1018 3710 vult:
1057 3642 1155 3730 Qua-

61 3789 192 3856 ouoqne
216 3769 255 3831 in
274 3788 312 3830 re
332 3768 510 3831 versemini
518 3813 527 3845 ,
550 3765 700 3829 oratione
720 3768 753 3824 ot
766 3759 960 3850 praeatimse
982 3759 1031 3822 od
1051 3756 1157 3822 Deum

62 3871 204 3963 habeta,
240 3881 425 3968 quibuscum
442 3881 640 3969 gratiaram
658 3877 746 3942 aetio
768 3879 1005 3964 coniungatur,
1021 3872 1133 3960 foeite
1144 3915 1155 3946 ,

60 4001 98 4056 ut
119 3991 303 4059 desederia
325 3999 438 4098 restra
459 3990 554 4080 apud
573 3989 678 4056 Deum
702 3987 872 4076 explicata
893 3989 992 4068 sint

58 4247 333 4264 W

92 4345 131 4406 tl)
151 4351 257 4412 synay.
279 4345 336 4398 Ver.
355 4345 383 4416 p,
399 4349 476 4401 1025.
