2808 5032
232 405 234 410 -
356 383 422 434 cnr.
447 339 500 424 lll.
526 383 609 426 vans.
638 360 693 438 tls,
721 365 778 438 15,
805 347 863 434 lo„
1060 368 1139 430 ‘247

84 544 230 629 praecessit
252 565 517 610 rnnorurmocus
540 545 691 610 scribens:
712 545 766 612 *eat
785 552 840 632 τῆς
856 546 965 616 ἐκείνου
979 547 1140 633 συνεργίας.

82 657 134 722 Sed
163 639 267 742 quidni
299 679 373 722 cum
398 679 590 724 uarunrnsro
614 658 742 746 aliisque
758 645 916 723 'formulae
939 679 1061 724 sensum
1081 657 1140 721 tri*

82 769 214 846 boemus,
246 793 338 858 quem
368 771 425 836 sibi
456 770 589 857 vrrlgaris
620 771 704 836 notio
726 772 960 857 Praepositionis
980 771 1139 856 postulat?

82 883 190 946 Pronus
210 881 304 969 igitur
324 884 382 950 sibi
402 883 593 948 vocationem
613 883 776 970 contigisse
794 883 852 961 ait,
876 906 942 971 qua
961 887 998 946 in
1013 903 1139 947 cnarsrr

80 1016 138 1058 roso
160 1000 372 1066 communione
392 971 596 1062 solacietur.

450 1222 566 1268 tvans.
593 1203 644 1274 15,
672 1203 722 1264 16.

115 1334 250 1400 lustituto
273 1357 328 1398 suo
351 1334 485 1421 exposito
511 1357 626 1400 munus
646 1305 885 1426 docereincipit
895 1331 1137 1423 Philippenses,

79 1446 222 1528 quomodo
245 1447 324 1512 illud
354 1437 468 1535 singuli
496 1447 533 1513 ad
564 1427 655 1512 suum
690 1470 781 1534 usum
811 1447 968 1533 applicare
996 1445 1137 1512 debeant.

78 1557 128 1622 Sed
147 1559 227 1646 quod
251 1559 291 1624 de
310 1559 518 1647 Interpretum
539 1561 765 1626 commentariis
784 1559 847 1624 dici
863 1559 957 1636 solet,
981 1581 1031 1624 eos
1052 1580 1140 1644 saepe

77 1671 156 1736 rerba
170 1673 306 1748 faciliora
322 1675 442 1760 copiose
460 1673 621 1759 explicare,
640 1673 813 1738 difficiliora
824 1669 866 1736 ita
885 1681 1026 1748 tractare,
1042 1683 1078 1734 ut
1095 1672 1138 1734 le·

76 1795 161 1850 atores
176 1787 208 1851 in
219 1788 287 1870 luto
302 1787 526 1873 relinquantur,
540 1786 600 1852 hoc
614 1786 706 1852 etiam
722 1787 792 1851 loco
812 1809 830 1850 a
848 1807 920 1851 uero
939 1808 1004 1850 non
1014 1783 1139 1850 omnino
1165 1847 1167 1854 .

77 1909 214 1962 remotum
247 1920 312 1964 esse
348 1900 493 1984 comperi.
543 1901 607 1966 Nec
635 1897 711 1964 mihi
739 1899 877 1962 invenire
906 1898 1061 1984 contigit„
1076 1919 1139 1982 quo
1178 1907 1179 1910 ’

75 2030 228 2076 asseverare
258 2011 374 2089 ausim,
399 2011 549 2078 desiderio
578 2035 648 2078 meo
674 2033 710 2076 ex
739 2012 824 2076 omni
845 2023 939 2100 partev
954 2007 1139 2076 satisfactum

76 2142 136 2186 esse.
156 2200 158 2202 Ι
179 2121 349 2188 Ostenderc
380 2135 484 2189 tamen
506 2125 717 2210 periclitabor,
733 2126 766 2188 'si
787 2124 907 2202 minus,
940 2123 1009 2210 quis
1035 2143 1139 2186 sensns

76 2233 202 2300 orationis
225 2236 282 2314 sit,
306 2247 459 2316 atcerte,
482 2237 557 2323 quid
577 2236 655 2303 milri
675 2239 855 2323 pracsertim
867 2235 1026 2322 probabile
1036 2235 1137 2298 videa·
1171 2239 1173 2242 ’

76 2353 125 2410 tur.
165 2348 230 2413 lam
255 2350 291 2414 in
319 2349 414 2435 priori
442 2349 585 2416 membro
601 2372 704 2434 versus
731 2353 787 2416 15:
817 2343 915 2436 ὍσοιΙ
934 2343 989 2414 οὖν
1015 2346 1138 2426 τέλειοι,

73 2465 149 2525 τοῦτο
179 2467 355 2551 φρονῶμεν,
387 2463 572 2548 Interpretes
598 2463 692 2550 vulgo
721 2464 833 2549 lapsos«
846 2483 910 2529 esse
930 2471 1025 2547 puto,
1053 2460 1138 2547 quod

74 2567 198 2638 Verbum
216 2579 376 2663 φρονῶμεν
395 2569 553 2640 sumerent
572 2575 611 2640 de
632 2580 763 2642 actione
782 2575 902 2642 iudicii
922 2573 972 2639 rel
999 2575 1140 2640 sentien-

75 2681 122 2760 do,
155 2708 217 2751 non
245 2709 319 2751 vero
347 2687 387 2751 de
413 2691 617 2777 appetitione
639 2712 694 2754 scu
714 2689 824 2772 studio
846 2679 968 2765 ocimi,
991 2688 1038 2752 uti
1060 2685 1139 2752 illud

14 2831 17 2844 ·
73 2799 244 2865 sumendum
275 2821 362 2878 esse,
390 2811 421 2864 et
450 2799 510 2866 hac
536 2801 569 2866 in
594 2802 726 2888 Epistola
755 2802 858 2867 docet·
877 2799 1025 2888 loquendi
1045 2821 1138 2876 usus,

73 2909 103 2980 ad
128 2933 191 2997 cap.
206 2915 253 2977 ⁴1:
282 2914 491 3006 7erpositus‚
525 2925 555 2978 ct
587 2916 702 2994 omnis,
736 2915 794 2980 nisi
816 2915 922 3010 fallor,
952 2901 1043 2978 huius
1064 2933 1140 2978 ora·
1186 2926 1188 2938 '

72 3021 151 3088 tionis
185 3025 301 3092 series·
343 3027 410 3094 Hoc
444 3038 547 3096 autem
579 3029 726 3114 probato,
759 3037 860 3094 cetera
890 3026 993 3110 minus
1022 3025 1139 3121 negotii
1171 3077 1177 3086 .

72 3135 149 3202 rolris
175 3140 334 3226 lacessent.
380 3140 540 3206 Adiectivo
565 3141 647 3210 enim
667 3139 771 3216 vilerot
798 3162 913 3204 rannus
933 3160 998 3202 non
1018 3148 1139 3228 contra·
1235 3195 1236 3198 ,

72 3246 138 3314 licit
162 3252 362 3320 declarationi
381 3255 546 3339 superiori,
567 3275 599 3318 se
617 3252 656 3318 ad
674 3254 894 3339 perfectionem
913 3251 1052 3316 nondum
1068 3273 1139 3336 per·
1177 3333 1179 3336 v
1208 3279 1209 3284 ¹

71 3363 185 3432 venisse.
231 3369 277 3434 Eo
302 3366 386 3438 euim
412 3381 482 3433 non
505 3365 656 3453 significat
676 3364 816 3432 homines
838 3363 980 3434 omnibus
1002 3365 1139 3430 numeris

70 3473 211 3544 absolutos
234 3491 266 3544 et
286 3481 451 3567 perfectos,
475 3491 510 3544 ut
531 3479 635 3551 Verbo
656 3477 859 3560 τετελείωμαι,
885 3476 938 3575 scel
956 3481 1159 3566 perfectio-v

70 3610 118 3654 res
146 3597 246 3680 otiis,
269 3597 332 3660 sive
353 3600 388 3660 in
409 3599 567 3690 societate
595 3595 795 3664 Christiana
816 3616 887 3660 oum
905 3593 1036 3662 adultis.
1048 3613 1132 3658 oom-

63 3709 244 3788 parandos‚
271 3718 303 3774 et
324 3709 576 3798 distinguendos
595 3735 617 3774 a
636 3709 771 3798 pucras,
791 3688 914 3794 imulare.
949 3707 1021 3796 ¹llac
1046 3705 1085 3768 de
1104 3723 1137 3765 re

69 3811 141 3882 iuter
176 3845 208 3888 se
247 3845 352 3888 omnes
391 3823 455 3887 fere
493 3821 688 3890 consentiunt
715 3819 782 3888 Viri
825 3819 930 3908 Dpcti‚
974 3810 1137 3884 excitantes

72 3929 181 3998 tuor.
201 3935 246 4000 lI:
272 3940 303 4001 6.
327 3935 414 4002 XIV:
441 3939 495 4001 20.
519 3935 693 4024 Eph.‚lV:
719 3937 775 4010 13,
805 3936 856 4008 14.
881 3930 984 3998 Hebr.
1006 3930 1050 3996 V:
1077 3930 1136 4002 13,

72 4039 117 4105 14·
139 4028 379 4134 aliosque‘loccs
391 4045 448 4135 (1).
470 4049 588 4114 Vocem
608 4041 671 4114 ὅσοι
692 4026 802 4123 nemo,
817 4055 968 4131 quantum
982 4042 1064 4130 scio,
1082 4038 1137 4102 ali·
1171 4031 1173 4036 ¹

84 4281 273 4348 ¹(llflsimlliter
299 4289 397 4337 Graecos
424 4305 477 4338 roce
507 4286 610 4344 allator
633 4304 684 4338 rrsos
714 4305 775 4350 esse,
799 4293 850 4352 post
868 4281 954 4356 multos
971 4281 1029 4332 alios
1048 4286 1138 4334 monuit
1166 4299 1169 4305 ·
