2812 5032
374 381 440 424 css.
464 358 488 424 1.
513 373 597 426 sss.
623 363 675 438 σν,
700 327 752 438 ωζ
776 364 828 426 24.
1095 367 1135 428 er

9 591 10 632 3
81 546 185 623 fuisset,
210 544 236 608 si
264 542 316 610 hic
337 545 509 632 legeremus
528 543 579 611 καὶ
596 544 622 610 ri
640 544 676 612 ro*
694 503 755 636 ζῇν
775 547 809 612 ἐν
828 509 915 632 odori
934 583 974 598 -
993 541 1091 632 ἔργον·
1108 549 1139 612 τὶ
1238 551 1241 560 ’

81 653 238 745 αἱρήσομαι,
264 656 302 724 oo'
324 658 476 746 γνωρίζω,
504 667 539 722 ut
567 655 686 724 Mottt.
711 657 785 721 XII:
810 659 869 734 26,
891 655 946 722 uhi
972 657 1138 726 Particulas

79 771 120 834 roi
142 771 166 836 ri
193 767 362 834 reddendas
397 791 460 834 esse
494 772 592 834 etr'csm
629 771 663 834 si
688 767 905 836 demonstrarit
932 790 1138 846 rurrzscams.
1241 789 1246 798 ’

78 880 128 944 Sed
146 880 186 946 ita
206 881 299 947 scribi
318 903 381 947 non
400 881 516 967 potuit,
533 903 574 947 ne
591 879 772 959 Antithesis,
794 903 888 968 quam
909 905 975 946 ror
986 882 1139 960 Adversa-

78 995 127 1060 tira
150 991 184 1060 dd
211 993 319 1072 efficit,
354 995 522 1062 tolleretur.
573 994 676 1060 Monet
703 1016 815 1080 nempe
844 995 1007 1080 Apostolus
1036 995 1152 1085 (versu

79 1103 224 1194 superiori)
252 1117 348 1172 totam
373 1130 460 1174 suam
485 1109 596 1187 vitam,
623 1105 771 1194 quamdiu
791 1107 1029 1194 produceretur,
1054 1109 1139 1174 dedi-

79 1230 130 1286 tam
151 1231 180 1284 st
201 1219 342 1286 devotam
362 1221 429 1286 fore
449 1241 599 1301 crmsr03
622 1219 675 1286 sed
694 1220 751 1285 sibi
772 1221 985 1306 profuturum,
1007 1221 1032 1286 si
1054 1244 1139 1288 nuuc

79 1332 156 1396 morti
180 1333 404 1398 succumberet.
439 1334 517 1400 idox
541 1355 613 1400 vero
633 1331 790 1411 meminit,
813 1331 873 1398 hoc
895 1334 1139 1426 emolumentum

78 1467 92 1508 e
117 1446 172 1512 viu
203 1469 258 1512 sua
289 1446 424 1512 terrestri
453 1446 646 1537 exoriturum
678 1468 757 1524 esse,
787 1457 822 1510 ut
848 1468 943 1532 opere
975 1469 1029 1512 suo
1057 1448 1139 1533 Apo·

79 1559 170 1624 stolioo
198 1557 411 1644 persequendo
441 1559 589 1624 maiorem
616 1558 674 1640 sibi
702 1558 982 1631 remunerationem
1009 1571 1138 1644 pararet.

79 1672 119 1736 At
136 1693 173 1738 ne
193 1679 225 1736 et
245 1672 305 1754 leco
324 1670 472 1760 quidem,
498 1672 560 1749 ait,
582 1674 618 1736 in
636 1671 748 1736 altera
767 1670 1013 1750 lassesciticet
1033 1676 1137 1750 vitae,

78 1786 135 1849 tale
147 1789 243 1874 ponit
265 1784 507 1861 libramentum,
528 1792 568 1848 ut
588 1785 697 1850 dicere
708 1787 857 1875 possim,
878 1793 987 1848 utrum
1007 1786 1138 1862 malim,
1208 1831 1212 1842 ,

79 1897 189 1962 diutius
206 1901 332 1976 vicere,
352 1919 397 1962 aa
418 1901 515 1962 mori.
555 1897 657 1980 Quem
676 1919 799 1965 sensum
817 1896 900 1964 haud
920 1895 998 1975 scio,
1018 1921 1058 1962 an
1077 1899 1138 1962 iam

77 2021 216 2076 assecutus
239 2012 278 2076 sit
303 2031 565 2076 rrrorrrmcrus
585 2007 735 2078 scribens:
764 2005 863 2078 Eiuro
882 2009 958 2092 μὲν,
972 2004 1017 2078 ὅτι
1037 2009 1141 2098 κέρδος
1230 2009 1234 2020 ’

76 2148 122 2201 μω
144 2121 176 2190 td
199 2127 322 2202 θανεῖν,
347 2121 427 2210 πλήν
446 2119 550 2210 ἐπειδή
570 2125 621 2188 καὶ
639 2120 675 2190 ed
695 2123 753 2212 ζῇν
772 2123 806 2189 ἒν
825 2118 985 2208 capricis
1005 2113 1141 2208 ἄκαρπόν

75 2233 125 2312 proi
139 2235 198 2302 ἔστι
221 2237 415 2322 (κμρπσφορῶ
433 2231 507 2320 ydp,
527 2228 678 2300 derideatur
697 2233 748 2300 rot
767 2229 909 2317 φωτίζων
928 2225 1065 2317 ednas),
1085 2229 1140 2296 oo’s

75 2339 137 2412 οἶδα
153 2346 184 2413 τί
199 2339 369 2445 αἷρήσσμσι.
446 2396 449 2402 =
604 2331 608 2336 ¹
829 2347 831 2351 ’

477 2550 562 2595 vrrs.
588 2528 646 2604 23,
670 2523 748 2592 24.st
789 2591 792 2600 ,
830 2537 832 2541 ’

113 2685 198 2768 Quod
219 2702 333 2752 erutus
355 2709 444 2754 versu
466 2687 616 2773 superiori
638 2708 753 2774 negans
768 2684 958 2762 enunciavit,
973 2681 1034 2749 hoe
1047 2705 1136 2749 versu

75 2798 207 2864 enundat
226 2798 324 2864 aiens:
350 2798 521 2884 Συνέχσμαι
541 2800 577 2866 δὲ
597 2793 797 2866 ὄντωνδύο.
838 2797 925 2880 Quae
946 2797 1138 2878 coniunctim

74 2908 222 2976 scribenda
246 2903 335 2990 sunt,
364 2923 465 2997 spreta
490 2893 684 2978 distinctione
712 2930 855 2989 ecoesrr,
879 2932 941 2998 qua
970 2905 1139 2997 posteriora

73 3022 103 3085 dn
125 3030 181 3092 reis
206 3019 279 3105 δσό,
306 3034 413 3090 contra
442 3047 565 3090 omnem
593 3022 750 3110 loquendi*
769 3045 876 3102 usum,
907 3034 1136 3089 connectuntur

74 3155 139 3200 cum
163 3138 361 3226 sequentihus
384 3137 440 3225 τήν
464 3137 641 3219 ἐπιθυμίαν,
656 3135 746 3220 ἔχων.
786 3135 957 3206 Particulae
977 3135 1014 3204 st
1031 3137 1138 3204 locum

75 3266 156 3313 suum
178 3249 377 3342 restituerunt
392 3233 529 3315 editores
554 3247 753 3325 recentiores,
780 3248 871 3312 etiam
898 3262 1138 3319 persuasisset

72 3339 339 3444 scuorrruspcum
356 3363 467 3441 altera,
480 3359 562 3450 pop,
582 3361 647 3425 sine
667 3359 761 3424 dubio
781 3359 928 3438 debeatur
942 3361 1135 3444 hominibus,

71 3475 125 3558 qui.
145 3477 271 3544 orationi
296 3475 462 3556 difficiliori
488 3473 632 3562 opitulari
657 3472 808 3538 volebant.
851 3473 933 3554 Quid
953 3485 1059 3540 autem
1080 3479 1138 3543 sihi

69 3585 191 3654 voluerit
215 3590 396 3684 Apostolus,
423 3589 493 3656 satis
514 3597 656 3676 apertum
681 3595 742 3662 est,
763 3585 902 3670 quamvis
925 3586 1136 3662 desiderantur

70 3697 143 3779 loci,
163 3703 217 3768 ubi
239 3703 425 3789 Praepositio
447 3705 481 3770 ἐκ
500 3701 594 3766 verbo
618 3696 804 3782 συνέχεσθαι
824 3698 962 3766 subiecta
984 3710 1038 3770 eit.
1083 3705 1135 3768 In-

68 3820 212 3898 terpretor
241 3839 365 3882 meno
387 3816 482 3882 duce:
506 3817 661 3903 utrinque
686 3831 763 3876 vero
791 3819 912 3878 teneor.
961 3816 1031 3896 Quo
1053 3816 1134 3882 dicto

64 4121 109 4154 oon
130 4118 165 4157 est
183 4125 237 4176 asos
253 4110 397 4162 Particulae'
410 4103 468 4180 sai,
492 4123 520 4166 ut
543 4118 633 4166 notavit
653 4129 736 4182 num,
757 4116 893 4166 Vindictae
910 4115 990 4166 Artr'c.
1009 4111 1032 4174 ὁ,
1050 4113 1076 4178 ἤν
1097 4113 1137 4166 τό·

64 4197 125 4248 Torn.
152 4201 171 4249 1.
191 4218 215 4268 p.
240 4201 289 4254 155
315 4221 367 4272 sqq.
391 4207 499 4256 Ceterum
521 4211 613 4274 Syme,
640 4208 711 4260 hunc
728 4225 821 4260 versum
847 4205 997 4272 interpretari
1022 4205 1153 4274 incipiens*

63 4269 95 4366 ³i
114 4285 169 4387 gs}
193 4287 236 4394 ᾇ,
255 4310 396 4362 Particulam
414 4311 510 4380 quidem
525 4315 633 4376 traiecit,
651 4315 691 4366 set
708 4316 760 4366 eius
776 4302 853 4366 tameo
870 4312 917 4361 rim
933 4311 1046 4377 percepit·

964 4421 982 4480 7
