2812 5032
546 1095 702 1169 CAPUT
738 1093 1000 1168 SECUNDUM.

690 1426 861 1454 *

1383 1639 1385 1694 t

668 1705 827 1776 vinecel,
851 1706 881 1764 2.
1191 1694 1194 1705 ¹

281 1875 371 1942 Haud
391 1877 482 1961 pauci
502 1875 689 1961 Interpretes
711 1875 771 1942 hoo
793 1877 826 1940 in
849 1868 1101 1940 loco'trsctando
1125 1875 1168 1940 ita
1193 1895 1306 1940 ventu·

237 2002 305 2068 tur,
335 2011 373 2054 ac
401 1990 426 2052 si
456 1988 580 2054 dicendi
600 2000 820 2078 argumentum
840 1989 889 2053 vel
913 2009 1029 2052 novum
1050 1987 1240 2064 invenerint,
1262 1985 1306 2051 rel

239 2113 322 2168 certe
340 2123 412 2166 cum
425 2099 584 2186 'superiori
607 2103 709 2168 minus
726 2100 903 2168 cohaerens.
929 2102 1064 2166 Fortasse
1083 2101 1139 2164 uni
1161 2100 1308 2186 alterique
1391 2132 1392 2162 r

236 2214 378 2280 fraudem
399 2214 473 2296 fecit
487 2215 585 2299 iprava
609 2215 750 2301 Capitum
772 2213 894 2280 divisio:
918 2213 1040 2279 sedens
1061 2213 1096 2278 iu
1118 2213 1200 2278 viam
1219 2211 1308 2278 redu·

237 2350 307 2392 cere
330 2337 472 2413 potuerat
491 2329 646 2394 Particula
664 2324 736 2410 οὖν,
757 2328 845 2394 ciuus
870 2327 997 2414 quidem
1019 2327 1082 2390 rim
1102 2337 1186 2392 recte
1205 2326 1308 2390 ohser-

236 2451 347 2506 rerunt
366 2463 533 2521 coecatus,
552 2443 738 2521 nuncnune,
757 2463 909 2520 umectus,
921 2450 1100 2520 morarius,
1112 2441 1174 2507 alii.
1195 2440 1309 2522 Quam·
1396 2478 1397 2504 t

234 2557 278 2619 ris
310 2554 394 2620 enim
424 2557 561 2643 concedo
594 2578 731 2629 wrruso
759 2553 824 2645 (1),
856 2557 941 2620 illam
968 2553 1052 2620 haud
1075 2575 1144 2619 raro
1168 2549 1310 2621 orationis

234 2678 355 2732 tentum
378 2669 601 2735 continuationi
622 2671 785 2747 inservire,
808 2691 961 2757 nusquam
976 2681 1080 2734 tamen
1094 2691 1146 2746 ea,
1159 2677 1310 2754 quantum

235 2779 379 2858 memini,
414 2783 583 2848 sententiae
615 2783 748 2872 gravimi
777 2793 808 2846 et
831 2781 980 2848 oratoriae
1009 2783 1124 2848 inserta
1146 2792 1209 2859 est,
1235 2779 1310 2866 quin

133 2945 136 2953 ,
229 2891 379 2984 proponi
393 2893 544 2980 significet
565 2897 653 2986 thd
672 2917 713 2960 ex
727 2895 1002 2984 praecedentibus
1026 2903 1197 2984 aeqtsatur.
1245 2893 1311 2958 Una

236 3015 374 3092 superest
392 3006 548 3091 quaestio,
573 3019 680 3073 utrum
693 3009 833 3076 Versum
850 3008 987 3092 primum
1008 3031 1049 3074 au
1071 3009 1203 3074 alterum
1220 3005 1313 3070 hrn'us

235 3118 347 3203 Capitis
370 3141 443 3184 cum
465 3121 720 3205 praecedentibus
743 3133 931 3188 connectat..
962 3122 1024 3188 Sed
1041 3124 1067 3190 si
1086 3122 1313 3190 animadverte-

238 3231 350 3310 rimus,
376 3231 461 3298 huno
479 3234 606 3320 quidem
634 3237 810 3315 continere,
833 3258 913 3328 quae
937 3236 1113 3324 argumenti
1135 3257 1228 3321 supra
1248 3246 1314 3299 tra-

239 3345 312 3408 ctati
335 3345 436 3412 affinia
466 3347 542 3427 sint,
571 3348 662 3412 illum
682 3349 857 3429 sonitem,
881 3351 914 3414 in
936 3350 1131 3442 responsione
1151 3371 1224 3413 sane
1248 3369 1313 3412 non

238 3455 441 3550 haerebimus.
476 3463 558 3550 Ergo
580 3461 661 3528 hanc
683 3462 811 3530 facimus
829 3463 995 3528 verborum
1012 3473 1212 3528 stmcturam:
1234 3469 1314 3548 πλη-

239 3570 354 3657 ρώσατε
375 3567 430 3639 οὖν
447 3615 488 3628 -
511 3583 694 3662 φρονοῦντες·
715 3574 806 3656 εἴτις
826 3573 1012 3665 παράκλησις
1030 3616 1071 3630 ·-
1090 3577 1241 3664 οἰκτιρμοί.
1258 3576 1316 3640 At-

159 3729 162 3738 ·
240 3705 302 3770 que
328 3685 370 3750 ita
392 3687 563 3756 Particulae
586 3689 776 3775 saepissime,
800 3711 989 3776 quamquam
1006 3689 1041 3756 in
1063 3689 1315 3776 priore'senten-

243 3798 302 3862 tiae
332 3810 419 3885 parte
451 3802 567 3885 positae
589 3814 676 3879 sunt,
700 3801 739 3868 ad
763 3804 963 3889 posteriorem
989 3803 1098 3868 referri
1119 3801 1250 3880 dehent,
1277 3812 1316 3865 ut

241 3910 389 3979 lectorem
422 3913 541 3980 dooere
558 3926 703 4001 poterunt
732 3915 810 3982 Luc.
839 3917 927 4006 XVI?
953 3920 1004 3982 11.
1038 3915 1134 3982 Rom.
1161 3914 1237 3981 XII:
1261 3918 1319 3982 20.

276 4162 313 4228 (t)
339 4164 357 4213 l.
386 4183 409 4216 c.
434 4183 460 4232 p.
487 4168 547 4216 tto.
586 4167 632 4216 cff.
662 4179 788 4216 nt'ttttu.
813 4185 837 4233 p.
857 4169 921 4233 0⁰1,
940 4169 1000 4218 002.
1028 4173 1118 4221 Annos.
1135 4171 1194 4220 crit.
1212 4166 1321 4218 subiecta

243 4255 373 4307 Uettones.
392 4264 419 4306 et
434 4271 550 4308 viseret.
571 4261 650 4309 Otatt.
669 4276 694 4325 p.
713 4261 764 4310 396
782 4271 806 4310 et
823 4261 864 4329 qni
881 4260 916 4310 nt
933 4260 1067 4314 laudantur.
1171 4301 1174 4308 .
