2818 5032
301 418 365 482 276
603 409 605 421 '
694 437 763 479 cue.
784 415 838 480 lv.
864 437 948 480 unns.
974 419 1005 480 3.

298 599 376 662 lorte
394 598 580 664 seminarum
593 599 726 664 marimo
736 601 877 686 exemplo
888 601 928 666 ab
937 598 996 666 hac
1007 599 1120 664 virtute
1134 597 1348 674 detraherentur,

298 724 329 778 et
350 710 588 802 Philippenses
609 713 734 778 veroin
754 713 903 801 singulari
922 713 976 780 illa
992 711 1200 778 admonitione
1222 711 1350 788 silerent,

298 825 406 913 quanti
430 849 498 892 eam
518 827 620 892 iacere
640 838 810 914 oporteret:
829 838 913 905 tum,
938 826 977 892 ad
994 825 1351 912 srsrnnonrrnur,quippe

296 937 410 1004 ducem
436 937 483 1002 his
511 939 694 1004 mulieribus
717 942 860 1006 futurum
885 941 1020 1019 itineris,
1051 963 1196 1006 conversa
1224 940 1349 1012 orations,

295 1051 382 1116 huno
394 1051 522 1140 quidem
540 1052 579 1118 ad
596 1035 687 1139 opem
705 1053 765 1118 illis
776 1053 935 1120 ferendam
949 1054 1133 1120 advocatum
1144 1077 1220 1134 esse,
1233 1053 1350 1142 quomm

294 1163 354 1232 hac
369 1165 404 1230 in
420 1167 499 1230 urbe
508 1165 601 1252 paulo
616 1165 771 1238 difficilius
780 1169 859 1232 loret
870 1167 980 1232 eodem
991 1189 1113 1253 semper
1125 1167 1227 1232 studio
1235 1164 1318 1252 duci(
1334 1161 1350 1248 )

294 1279 331 1344 ln
353 1281 398 1344 rei
417 1291 521 1345 autem
541 1291 605 1345 tam
625 1283 789 1369 gravitate,
812 1304 909 1370 quam
923 1282 1103 1348 difficultate
1123 1303 1247 1348 oausam
1266 1280 1350 1353 luisse,

296 1413 353 1457 our
386 1405 494 1458 auctor
525 1393 564 1460 ab
594 1395 776 1460 obsecrandi
803 1395 936 1461 formula
969 1394 1023 1462 sal
1047 1395 1221 1482 inciperet:
1253 1395 1287 1458 Et
1306 1413 1351 1478 quo

276 1564 278 1572 ,
294 1504 425 1572 alacrius
454 1506 691 1598 Philippenses
711 1509 744 1573 in
763 1508 928 1575 concordia
948 1509 1097 1577 seruanda
1116 1509 1178 1592 vel,
1193 1506 1351 1574 restituenda

293 1619 405 1698 harum
428 1621 598 1687 mulierum
622 1622 749 1712 vestigia
777 1635 996 1709 sequerentur,
1026 1646 1076 1689 eas
1104 1623 1144 1688 de
1166 1622 1284 1688 meliori
1300 1630 1351 1684 nota

293 1734 521 1801 commendatas
543 1757 624 1814 esse,
647 1747 683 1800 ut
704 1757 785 1822 quae
809 1759 872 1801 una
892 1759 965 1802 cum
985 1738 1134 1824 Apostolo
1155 1736 1195 1801 ad
1218 1746 1351 1801 sectatores

290 1821 431 1912 bnnrsro
444 1849 666 1934 comparandos
687 1850 873 1914 laborassent
895 1861 925 1913 et
941 1850 1036 1915 veluti
1047 1848 1263 1914 decertassent.
1284 1847 1351 1912 Corn-

292 1959 482 2025 mendationi
504 1983 630 2050 quoque
652 1985 778 2028 PAULUM
797 1963 933 2027 multum
947 1961 1091 2049 ponderis
1109 1961 1271 2040 adiecisse,
1288 1957 1351 2046 quod

292 2084 458 2160 utramque
486 2075 596 2140 eodem
628 2077 661 2142 iu
695 2100 827 2152 numero
856 2088 984 2164 poneret
1010 2087 1104 2164 atque
1128 2081 1351 2141 conmarcuit

266 2277 268 2284 γ
293 2197 410 2252 ceteros
432 2211 502 2254 suos
521 2189 685 2258 adiutores.
732 2193 812 2256 Eum
831 2213 906 2256 nero
927 2213 990 2256 non
1010 2189 1164 2256 adiutores
1182 2187 1350 2278 significasse,

292 2323 369 2386 quos
391 2313 463 2366 ante
484 2282 598 2369 multos
620 2327 716 2370 annos
738 2303 894 2370 habuisset
913 2304 1102 2394 Philippis,
1123 2302 1178 2367 sed
1198 2325 1273 2390 qnos
1288 2318 1351 2362 nunu

291 2414 420 2479 haberet
443 2415 578 2504 Romae.
617 2419 808 2484 Gnuunurnu
831 2419 934 2507 igitur
948 2417 1191 2484 celeberrimum
1212 2417 1352 2480 illumessu

293 2529 408 2608 virum,
433 2530 489 2616 qui
509 2530 635 2597 llomae
656 2533 799 2619 Episcopi
818 2555 949 2620 munere
970 2534 1096 2598 iunctus
1119 2531 1156 2595 sit
1180 2528 1240 2621 (2).
1273 2527 1351 2610 Atque

294 2627 415 2708 eosdem
438 2643 491 2710 bic
510 2643 648 2712 laudatos
670 2669 749 2725 esse,
770 2647 825 2734 qui
847 2646 1045 2736 supralcap.
1069 2647 1098 2709 1:
1121 2648 1162 2710 14
1186 2641 1267 2731 sqq.)
1281 2657 1351 2706 oust-

292 2777 339 2818 sru
375 2777 484 2822 causae
516 2757 668 2844 imprimis
699 2761 849 2846 profuisse
872 2760 1017 2826 dicantur
1038 2770 1069 2822 et
1094 2779 1232 2845 quorum
1252 2751 1352 2821 nomint
1392 2789 1393 2832 ,

292 2858 530 2959 Philippenses
562 2869 641 2939 inira
675 2871 729 2962 (vs.
763 2870 818 2961 21)
849 2873 1032 2937 salutentur.
1079 2872 1352 2938 (insusurrantem

294 2993 439 3067 sumpto,
463 2983 590 3048 uomina
614 3007 723 3049 eorum
754 3007 893 3070 expressa
915 3009 979 3060 non
1000 3008 1082 3064 esse,
1112 2985 1263 3072 quoniam
1281 2977 1351 3044 Pti·
1391 3017 1392 3040 ι

293 3096 496 3185 lippeusz'bus
521 3089 624 3162 minus
655 3109 755 3164 essent
784 3099 911 3186 cogniti.
958 3099 1020 3165 Sed
1040 3099 1242 3185 Apostolum,
1266 3105 1298 3158 ut
1312 3089 1352 3152 dt*

292 3210 410 3274 loetum
443 3223 669 3296 compensaret,
705 3235 756 3277 eos
790 3213 948 3278 coelorum
979 3207 1061 3278 cives
1088 3212 1267 3278 declarasse.
1305 3205 1351 3268 1²¹ss

292 3321 366 3388 huic
386 3324 597 3402 coniecturae,
617 3324 696 3390 nihil
720 3348 785 3392 esse
806 3325 912 3406 video,
932 3321 1351 3414 quodquodammodoobstet

292 3436 392 3499 lmmo
416 3438 514 3502 molta
533 3439 562 3502 ei
584 3439 705 3517 lavent,
729 3440 880 3532 imprimis
906 3441 1000 3506 verba
1027 3429 1071 3506 ὦν
1096 3437 1137 3506 roi
1161 3433 1294 3522 talpas
1310 3436 1351 3494 ⁶0¹·

292 3547 358 3629 Hac
385 3549 468 3614 onim
496 3553 648 3630 formula,
673 3553 728 3620 ubi
748 3553 787 3620 ad
808 3553 949 3620 homines
972 3551 1139 3618 lectoribus
1161 3541 1353 3616 decubando

212 3735 305 3774 “u

323 3800 360 3870 (l)
388 3800 518 3865 Dubitari,
546 3822 575 3853 an
601 3815 653 3870 post
679 3823 757 3854 vorem
782 3805 892 3871 σύζυγα,
906 3803 1066 3869 intelligerem
1082 3805 1166 3870 potius
1181 3802 1288 3862 αὐτῶν,
1304 3807 1353 3862 qum

291 3914 359 3961 μου,
384 3903 413 3943 ut
437 3885 504 3941 tim
533 3909 690 3948 mens‘ssset:
714 3900 799 3961 Ota,
819 3901 865 3966 qui
878 3886 917 3948 'iis
933 3901 1018 3948 socios
1034 3899 1138 3946 itineris
1154 3913 1191 3946 os.
1227 3897 1264 3946 stc
1280 3893 1352 3940 sortist

291 3987 409 4056 σύζυγος
433 3991 527 4038 somam
547 3992 651 4041 ittam
676 3993 795 4056 significat
812 3990 876 4059 apud
892 4003 969 4040 suun.
986 3991 1101 4056 lpttqen
1116 3991 1156 4040 in.
1168 3991 1246 4038 Tuos.
1261 4001 1293 4034 vs.
1307 3979 1354 4029 ²⁵⁰³

292 4084 347 4133 Τοῦ
368 4081 490 4148 συζύγου
509 4080 541 4134 δὲ
560 4085 611 4133 τοῖ’
630 4085 708 4143 ξένου
725 4089 754 4135 el
775 4082 887 4148 τοῦνομ’
909 4073 955 4151 ἦνῆ
973 4080 1016 4132 uhi
1034 4081 1062 4130 de
1078 4093 1162 4130 onasus
1179 4087 1307 4146 usurpatur.
1323 4064 1354 4118 Sti

291 4175 348 4224 hnic
366 4177 558 4241 interpretationi
577 4175 669 4226 obstare
687 4177 782 4228 videtur
799 4179 953 4229 Adiectirnm
973 4178 1077 4243 γνήσιε.
1112 4173 1195 4242 Neque
1212 4173 1236 4220 ei
1248 4172 1355 4220 faverunt

292 4271 354 4317 uocis
372 4267 504 4335 σύζυγος,
522 4287 582 4338 qnae
601 4270 630 4320 (le
649 4273 760 4335 laotos,
777 4290 824 4323 non
842 4271 871 4321 le
890 4272 972 4319 tritos
990 4253 1085 4318 dte'itur.
1103 4301 1105 4306 -

311 4360 363 4434 ,iil
381 4361 418 4412 ci,
435 4373 510 4410 ausu.
530 4363 583 4412 Lib.
602 4365 648 4416 111.
668 4381 720 4431 sap.
739 4367 763 4416 4.
