2808 5032
367 452 370 460 Ι
425 337 757 450 maalinas-12.
957 333 963 346 ·
1064 391 1125 453 241
1187 358 1194 485 'y

79 574 158 628 tatem
184 574 263 642 creat
283 576 433 650 postrema
452 587 523 651 pars
543 567 635 632 huius
653 590 770 632 versus:
798 568 848 655 ἐφ’
880 563 976 660 ᾦκαὶ
1004 572 1130 661 κατελή-
1162 569 1165 574 ’

77 681 153 762 qtae
168 674 228 744 άκά
245 683 396 765 Χριστοῦ,
417 687 489 745 ut'a
513 703 613 746 raone
632 682 779 768 seriptum
799 705 872 761 esse,
884 684 946 749 iam
954 687 1131 753 monuimus

64 809 161 872 supra.
203 791 240 853 Et
260 791 397 874 primum
425 793 550 878 quidem
571 795 654 859 vario
677 795 769 860 modo
787 796 853 864 Viri
871 797 960 863 Docti
980 815 1129 886 cepenmt

73 901 218 967 formulam
237 902 431 997 κατιλήφβην
448 905 511 972 sini
529 911 680 995 Xpsoroa'r':
701 909 753 973 sed
776 929 955 995 persuasum
974 912 1052 978 mihi
1067 925 1128 992 est,
1222 998 1225 1003 .

72 1035 127 1077 eam
155 1025 183 1078 et
211 1017 428 1082 convenienter
459 1018 676 1104 comparationi
706 1022 753 1084 sui
783 1043 857 1086 eum
883 1023 1076 1091 currentibus
1095 1029 1129 1090 in

71 1125 166 1205 stadio,
187 1121 413 1214 quam'auetor
436 1131 553 1196 inde'a
580 1132 682 1200 Verbo
710 1130 809 1200 διάκω
829 1135 975 1213 instituit,
1003 1138 1127 1223 eapien-

69 1238 128 1304 dam
157 1261 233 1317 esse,
262 1251 293 1306 et
323 1243 366 1306 ita
402 1243 544 1328 quidem,
578 1255 612 1308 ut
642 1268 661 1310 a
692 1245 817 1310 notione
840 1247 939 1312 Aetivi
966 1245 1127 1332 καταλάβω

68 1353 138 1418 notio
164 1357 274 1423 Passiri
299 1355 496 1447 κατελήφθην
525 1381 587 1424 non
608 1359 737 1446 diffprat.
783 1361 875 1442 Quod
896 1362 1056 1428 confirmat
1082 1363 1127 1427 di-

67 1478 139 1533 etum
155 1492 319 1536 rmronrs:
343 1467 608 1556 καταλαμβάνουσι
626 1475 677 1538 καὶ
697 1469 978 1556 καταλαμβάνονται
997 1471 1049 1540 ὑπ’
1069 1471 1125 1538 άλ-
1170 1496 1175 1506 ’

64 1577 164 1665 λάλον,
184 1605 405 1653 awnrsrurro
423 1583 551 1648 allatum
560 1579 620 1672 (1)
640 1585 706 1648 Hoc
719 1583 802 1648 dioto
821 1595 925 1650 tamen
938 1594 1127 1662 arenatius,

65 1691 210 1759 immemor
231 1716 346 1761 vocum
367 1693 420 1761 ὑπ’
445 1689 602 1780 άλλήλιον,
628 1694 781 1772 abutitur,
804 1717 876 1760 eum
891 1697 964 1761 inde
986 1695 1125 1786 colligat,

63 1803 149 1871 Verbo
174 1806 338 1894 καταλάβω
355 1809 531 1872 ¹Pronomen
552 1804 645 1874 αάτάν
672 1789 833 1896 cogitando
854 1809 1030 1875 addendum
1052 1833 1125 1878 esse.
1210 1867 1215 1879 .

61 1917 367 1998 monasterum,
390 1931 516 2007 propter
540 1919 685 1985 orationis
711 1921 836 1999 seriem,
860 1921 900 1986 de
920 1925 1125 2012 assequendo

54 2033 450 2121 perfeetione'sumendum
469 2055 533 2100 esse
553 2033 745 2111 monuimus,
769 2034 812 2098 sie
830 2034 962 2115 alterum
973 2035 1125 2122 interpre-

59 2143 106 2206 tari
127 2144 290 2240 dohemnss
314 2169 468 2211 onnrsrus
483 2167 533 2209 me
544 2131 714 2215 assecutos
726 2155 787 2209 est.
809 2148 1000 2213 Recordatur
1011 2171 1124 2234 nempe

56 2278 172 2338 rienes,
197 2271 234 2324 ut
252 2261 317 2324 iam
334 2279 574 2324 ennrsosrorms
595 2257 711 2342 aliique
729 2259 845 2354 Patres·
852 2259 1011 2338 viderunt,
1034 2261 1123 2325 iuro-

54 2389 124 2448 rem,
154 2391 217 2458 quo
250 2371 409 2458 quondam
442 2380 603 2436 sectatores
634 2391 776 2448 currem,
800 2373 833 2435 in
853 2371 964 2436 itinere
990 2375 1129 2444 maxime,

53 2503 142 2548 versus
161 2485 383 2561 Damascum,
413 2484 587 2554 insectatus*
604 2495 667 2559 est,
691 2505 749 2548 nee
768 2494 871 2548 tamen
890 2483 1040 2570 impedire
1061 2503 1122 2572 po*

51 2595 115 2674 trit,
143 2599 314 2684 quominus
344 2617 495 2662 eumerus
525 2595 591 2682 ipse
622 2617 693 2660 eum
726 2594 829 2660 medio
860 2607 1007 2682 tanquam
1026 2619 1118 2664 eursu
1155 2584 1157 2589 '

49 2723 262 2796 assequeretur.
293 2711 418 2776 Sublata
440 2719 544 2775 autem
561 2707 696 2796 imagine
714 2707 792 2772 nihil
806 2708 889 2774 aliud
902 2707 994 2789 dicit,
1007 2718 1118 2798 quam:

47 2838 184 2888 causans
202 2845 256 2888 me
279 2817 462 2911 adportes
485 2821 748 2910 suas'perduait.
793 2820 855 2886 Sed
877 2823 1014 2908 quaestio
1032 2847 1118 2890 nune

46 2942 96 3012 est,
119 2937 194 3023 quid
216 2937 279 3002 sibi
299 2936 395 3001 velint
418 2936 510 3001 verba
529 2933 579 3022 ἐφ’
598 2925 639 3026 ᾧ,
660 2931 773 3021 quihus
795 2935 938 3000 Aetirum
956 2934 1118 3022 καταλάβω

45 3018 191 3114 connects
209 3071 289 3116 eum
310 3048 431 3113 Passim
458 3044 664 3136 κατελήφθην.
706 3047 851 3134 Plerique
876 3049 1119 3134 interpretantur
1233 3105 1236 3113 .

42 3157 84 3222 od
102 3162 206 3249 qood,
231 3163 285 3227 rel
307 3163 401 3226 euius
423 3164 476 3225 rei
497 3138 622 3225 eonio:
650 3181 731 3246 quae
759 3173 862 3226 tamen
888 3135 1117 3246 inerpretatio,

43 3270 118 3336 valde
134 3273 258 3352 dubito,
280 3295 321 3338 an
332 3272 562 3338 accommodata
574 3273 612 3336 sit
622 3273 692 3337 loeo
703 3272 795 3338 simili
805 3271 898 3339 Rom.
910 3275 948 3341 V:
962 3277 1013 3351 12,
1028 3273 1116 3338 emus

40 3359 156 3452 ratone'
173 3386 287 3454 hahita
305 3385 438 3451 seribere
458 3384 515 3450 hie
537 3395 671 3470 praestat
691 3385 966 3474 qrtandoqorilem‚
985 3398 1021 3451 ut
1043 3387 1117 3472 pla·-
1188 3431 1196 3446 ,

39 3497 96 3560 enit
116 3521 336 3566 nonnemo
357 3498 502 3584 aliisque,
525 3517 732 3562 oueoursrou
750 3499 959 3586 sequentihus·
971 3510 1002 3564 et
1017 3521 1116 3566 enno

36 3629 234 3680 innuerem.
283 3613 324 3676 tt
356 3634 396 3676 no
419 3611 464 3676 sie
491 3609 619 3698 quidem
648 3610 719 3676 satis
740 3611 832 3696 plene
858 3633 1030 3697 expressam
1051 3635 1116 3678 esse

33 3735 103 3804 puto
126 3737 275 3792 mentem
297 3745 405 3803 raom,
428 3745 524 3811 quem
544 3745 671 3790 eumsrr
689 3723 842 3803 actionem
863 3746 937 3790 cum
957 3749 1011 3792 sua
1028 3745 1113 3791 com·
1171 3801 1173 3807 y

34 3854 164 3918 parasse,
190 3839 291 3903 etiam
313 3859 349 3902 ex
370 3837 524 3902 Partioula
543 3839 597 3904 καί
612 3837 735 3924 colligo.
781 3836 885 3920 Quare
903 3838 981 3904 mihi
1000 3835 1115 3903 arridet
1229 3875 1230 3878 =

32 3946 245 4037 interpretatio
276 3971 406 4016 osuvnu
435 3949 699 4038 quemadmodum
722 3958 770 4026 et,
797 3970 906 4035 quam,
931 3948 1012 4016 haud
1032 3949 1113 4026 seio,

29 4207 132 4276 ltiemr.
156 4216 187 4266 S.
219 4217 250 4268 S.
279 4231 304 4280 p.
326 4217 392 4281 222,
421 4183 521 4266 errorem
550 4191 658 4278 sevisse,
691 4229 740 4280 quo
764 4214 839 4262 omnis
863 4209 964 4260 fluctuet
992 4211 1115 4275 interpre-

30 4304 92 4356 tatio.
295 4305 333 4376 (1)
355 4310 416 4377 asa.
436 4324 461 4373 p.
479 4309 513 4356 88
533 4307 563 4356 n.
1059 4307 1063 4315 '

943 4398 983 4460 16
1081 4455 1084 4458 .
1142 4413 1147 4420 ·
