2818 5032
270 361 336 424 274
654 377 720 422 ear.
745 359 798 428 IV.
825 381 909 432 vm.
934 365 964 428 3.
990 437 994 444 ⁸

271 541 354 630 cum)
383 547 434 608 uti
464 552 496 608 et
523 523 665 608 docuere
690 552 721 608 et
751 551 856 612 ceteri
877 547 1049 614 adiutores
1076 549 1149 612 mei.
1190 547 1248 612 Iam
1268 568 1323 612 cur·-

270 645 402 724 ssersuoor
420 656 512 722 illum
532 678 669 744 quonam
680 659 748 724 iure
759 683 908 730 remmus
923 660 1160 729 celeberrimum
1168 661 1320 746 Episcopum
1379 665 1380 672 ’

271 770 393 836 Romae
417 769 544 848 dixerit,
568 774 808 840 commentarius
828 775 894 842 eius
913 799 977 842 non
992 775 1138 842 declarat.
1161 773 1323 842 considerato

270 884 397 950 nomine
432 884 516 952 haud
547 886 641 976 longe
672 887 844 954 discesseris
876 890 916 956 ab
946 889 1091 978 opinione
1120 910 1243 966 osorrr,
1270 909 1322 951 euro

271 997 456 1066 Romanum
480 999 625 1090 aliquem
648 1001 740 1068 tuisse
762 1005 798 1067 in
824 1001 1026 1070 Macedonia
1050 1007 1265 1094 negotiantem.
1288 991 1326 1064 Sic

272 1123 301 1178 es
319 1114 403 1179 oraro
423 1112 471 1177 ssu
489 1114 565 1182 viso
585 1105 814 1182 asmodeum
834 1117 972 1198 viderur,
992 1117 1209 1205 Presbyteros
1221 1095 1325 1180 ssim

271 1227 339 1294 dari
360 1225 537 1296 ccclesiae
557 1226 803 1318 Philippensis.
841 1231 892 1296 Bis
913 1243 1018 1296 autem
1037 1253 1154 1296 roccus
1173 1226 1326 1294 Paroeulsu
1381 1275 1382 1316 ,

271 1339 324 1406 soi
340 1339 477 1426 scripsit,
502 1351 538 1406 ut
558 1341 616 1408 sibi
636 1343 767 1408 lectores
786 1364 975 1410 corneorum
1001 1356 1031 1410 et
1050 1323 1169 1410 ceteros
1187 1343 1246 1408 eius
1262 1339 1326 1404 adiu·
1381 1321 1382 1360 ³

271 1465 352 1520 tores
372 1453 516 1520 distincte
536 1466 758 1542 proponerent.
840 1483 844 1493 ¹

316 1570 474 1634 Postrema
495 1561 540 1638 ὧν
559 1566 599 1638 roi
618 1566 755 1651 ὀνόματα
774 1571 808 1635 ἐν
825 1569 922 1660 βίβλῳ
939 1575 959 1650 ζ
963 1575 1049 1658 onie,
1063 1592 1206 1659 quonum
1225 1568 1327 1631 nomino

271 1685 306 1746 iri
328 1683 414 1748 libro
438 1686 548 1757 oilae,
573 1681 693 1748 scilieet
713 1686 844 1772 scripta
866 1692 959 1761 scoot,
989 1683 1222 1760 similitudinem
1246 1678 1328 1746 conti-

271 1806 362 1872 nent,
398 1795 438 1860 ab
466 1796 548 1860 Albo
574 1794 703 1882 publico
734 1791 924 1878 desumtam,
957 1797 1010 1862 cui
1027 1796 1060 1861 in
1089 1795 1257 1882 Republica
1271 1792 1330 1856 hooc

271 1909 411 1974 ordinata
442 1909 558 1976 civium
587 1909 714 1976 nomina
749 1909 973 1974 inscribuntur.
1019 1908 1205 1976 Huiusmodi
1223 1906 1330 1976 Aduo,

272 2021 450 2090 nominibus
472 2021 654 2088 .horn'inum
685 2023 719 2088 in
750 2034 832 2090 terra
871 2023 1041 2102 viventium
1074 2023 1268 2109 inscriptum,
1292 2011 1332 2079 sihi

271 2135 405 2202 Hebraei
426 2137 555 2204 Veteres
580 2149 653 2204 ante
680 2139 793 2232 faciem
814 2138 871 2203 Dei
901 2161 967 2204 esse
980 2137 1162 2206 'finxerunt
1207 2135 1332 2221 Legantor

272 2250 333 2316 loci
372 2249 413 2318 ab
446 2272 543 2316 eroso
576 2250 707 2338 aliisque
738 2252 856 2318 collati:
891 2251 1006 2318 Exod.
1040 2252 1179 2318 XXXII:
1211 2253 1267 2324 32,
1296 2245 1333 2307 33·

194 2427 198 2434 .
272 2363 403 2442 Psalm.
432 2365 544 2431 LXIX:
572 2369 626 2432 29.
655 2367 828 2436 CXXXIX:
863 2369 917 2433 16.
950 2365 1038 2432 Bao.
1066 2367 1143 2431 XII:
1181 2367 1210 2428 1.
1253 2360 1335 2424 Postea

272 2478 398 2544 taudem
420 2478 525 2570 imago
546 2479 586 2544 ab
605 2477 664 2570 hac
683 2479 746 2544 uita
764 2479 902 2545 terrestri
922 2479 962 2546 ed
976 2480 1071 2545 vitem
1083 2479 1251 2562 coelestem
1263 2483 1334 2534 oens

272 2593 333 2657 lata
350 2603 410 2670 est,
431 2604 467 2657 ut
485 2593 599 2660 docent
619 2593 699 2660 Leo.
720 2595 765 2658 X:
787 2597 842 2661 20.
866 2591 971 2660 Hedr.
999 2594 1075 2658 XII:
1095 2597 1151 2660 23.
1179 2588 1276 2680 Apoo.
1293 2581 1335 2682 Ill·

275 2713 294 2772 5
312 2703 371 2795 (1),
392 2729 456 2794 quo
475 2730 512 2772 ex
532 2707 613 2773 libro
629 2708 803 2774 subIImiori
815 2730 944 2774 ruuourr
961 2705 1044 2772 hane
1062 2705 1190 2771 dicendi
1200 2697 1336 2770 formutao

274 2819 411 2905 petiisse,
434 2820 509 2885 Ievis
528 2841 656 2888 sroonrr
674 2823 856 2888 coniectura
878 2832 934 2886 est.
981 2820 1162 2888 Verborum
1178 2838 1276 2884 sensus
1292 2809 1338 2872 hut

275 2933 372 3001 redit:
407 2935 523 3023 quibus
551 2934 656 3002 Deus.
677 2937 845 3014 coelestem
863 2937 1009 3024 parauit
1030 2935 1229 3000 beatiiatem.
1270 2917 1339 3007 Qutd

275 3059 437 3112 auctorem
470 3023 642 3136 scripsisie,
681 3049 829 3138 quoniam
868 3033 941 3112 ante
971 3048 1077 3114 oculos
1104 3047 1134 3111 ei
1156 3047 1339 3112 obversaretur

276 3163 465 3247 comparatio
494 3185 562 3252 cap.
596 3163 657 3230 III:
684 3168 727 3232 20
752 3161 932 3250 proposita,
962 3137 1037 3228 cum
1057 3171 1222 3228 erroneus
1238 3155 1340 3222 fidenter

177 3345 182 3362 ¹
277 3276 442 3343 oredimus.
488 3277 618 3344 Causam
648 3289 770 3357 autem,
804 3299 861 3344 cur
880 3277 922 3342 ita
941 3275 1113 3361 scripserit,
1137 3275 1173 3342 in
1194 3295 1230 3338 eo
1249 3259 1341 3356 quaerit

277 3389 334 3460 Vir
367 3391 498 3470 Doctus,
524 3391 608 3479 quod
642 3392 746 3458 omnia
773 3393 827 3456 ille
858 3414 923 3456 non
949 3389 1082 3458 excitare
1107 3398 1211 3476 posset
1235 3377 1341 3448 nomino·

281 3505 424 3570 Proscro
457 3507 562 3573 iudice
585 3530 695 3574 cauere
715 3508 832 3585 voluit,
860 3529 901 3573 ne
926 3504 991 3582 illi,
1022 3523 1159 3590 quorum
1179 3485 1343 3566 nomino}lis

279 3616 313 3681 in
338 3618 446 3683 Litoris
465 3643 530 3686 non
562 3643 702 3708 expressa
729 3632 837 3698 erant,
861 3619 922 3688 hoe
945 3620 1076 3686 moleste
1097 3619 1226 3682 ferrent.
1268 3601 1344 3677 Verb³

282 3743 367 3799 corte
385 3731 431 3798 ite
456 3755 530 3813 eum
556 3737 696 3802 oratione
718 3735 903 3826 cohaerent,
928 3745 964 3798 ut
988 3733 1037 3796 vix
1055 3732 1132 3798 alios
1146 3737 1282 3818 spectare
1297 3734 1347 3803 pos-

283 3845 344 3911 sint
366 3869 462 3933 quem
480 3847 635 3918 adiutores
658 3873 749 3915 rsuor
769 3849 953 3916 nominatim
973 3869 1037 3912 non
1060 3830 1209 3912 laudetos.

287 3977 515 3989 Μῌ--ο-ιυ
523 3982 533 3986 -
540 3981 546 3986 .

318 4036 355 4105 (1)
380 4039 418 4088 CI.
437 4042 555 4106 Tarpeii.
575 4037 604 4089 ad
622 4043 719 4090 Erech.
737 4043 794 4092 XIII
804 4055 817 4088 ι·
830 4041 861 4105 0,
879 4040 945 4090 leu'd.
963 4059 978 4089 a
996 4054 1115 4090 wercum.
1138 4042 1190 4090 IIuc
1209 4039 1294 4104 specto2
1307 4035 1350 4090 Iu*

285 4147 331 4196 que
355 4131 418 4180 illud
442 4145 564 4180 rmuours
584 4135 613 4184 iu
628 4135 774 4200 Philoputr.
793 4136 857 4200 Opp.
875 4145 969 4182 suerso.
987 4135 1055 4186 Tom.
1073 4133 1119 4184 111.
1135 4149 1161 4200 p.
1179 4131 1246 4180 802:
1269 4117 1350 4172 ’uaso

287 4225 414 4292 ἅπαντα,
439 4225 474 4284 ὡς
491 4229 540 4277 nuri
560 4225 589 4276 σὲ
606 4228 635 4276 dv
652 4238 715 4288 ταῖς
731 4230 905 4294 ἐπουρανίοις
922 4225 1036 4291 βίβλοις
1055 4227 1111 4279 τῶν
1127 4223 1245 4293 <trador
1260 4205 1352 4278 limidi

287 4328 402 4382 doricus.
439 4319 499 4372 Vide
518 4330 542 4371 et
559 4336 614 4386 pog.
633 4321 694 4374 600.
712 4331 737 4369 et
754 4331 833 4371 rotor.
851 4321 918 4370 Part.
935 4320 968 4384 II.
987 4337 1013 4386 p.
1024 4321 1090 4371 ι430.
