2808 5032
267 376 328 438 176
372 393 380 409 ·
421 423 426 440 ,
609 394 676 437 uir.
701 372 738 436 ll.
765 393 850 437 vans.
877 377 927 450 13,
956 357 1005 447 it.

264 579 444 624 ernornrus.
490 557 529 646 lit
556 579 646 636 serre,
669 557 853 625 honoriam
878 559 1026 648 ingressi,
1049 559 1265 649 intelligimus,
1289 587 1334 630 our

264 683 373 738 auctor
394 693 459 736 non
470 669 633 756 ,scripserit
655 671 674 738 o‘
695 671 770 752 Θῶς
788 672 846 760 γῶρ
865 677 988 762 ἐνεργεῖ,
1008 672 1061 738 sed
1080 672 1187 751 α’Θῶς
1198 671 1255 762 yo‘p
1267 678 1335 742 ἐστιν

264 786 282 854 ὁ
304 789 431 874 ἐνεργῶν
438 813 450 864 ,-
479 807 583 874 neque
607 785 698 852 etiam
728 789 763 854 ἑν
780 787 874 874 ἡμῖν,
902 799 937 852 ut
962 809 1028 852 rem
1049 787 1106 852 sihi
1130 798 1161 852 et
1183 787 1334 852 lectoribus

264 897 326 964 suis
349 920 549 964 communem
570 921 762 978 memorans,
785 899 838 964 sed
859 904 893 968 ἕν
912 901 1002 984 operm
1023 923 1082 967 nee
1101 899 1238 988 deniqne
1257 923 1333 986 supe
1394 953 1395 960 ,

225 1045 230 1056 ·
265 1011 339 1076 riori
360 1011 393 1077 in
415 1034 506 1082 versu
530 1011 586 1099 nlo
606 1013 696 1096 ὑμῶν
717 1013 885 1102 σωτηρίαν,
906 1013 958 1079 sed
975 1013 1032 1102 vir
1052 1014 1170 1086 ἑαυτῶν
1189 1016 1334 1102 otor-noim,

170 1207 175 1225 x
265 1125 382 1213 quippe
414 1147 477 1212 quo
510 1127 698 1204 Pronomine
722 1125 841 1196 ἑαυτῶν
870 1127 1037 1206 indicaret,
1074 1147 1233 1215 quemque
1261 1147 1334 1192 suem
1364 1167 1367 1174 .

264 1239 359 1326 ipsius
382 1239 560 1306 beatitatem
584 1239 734 1328 perlicere
755 1239 878 1308 debere.

725 1539 816 1584 unns.
843 1519 894 1584 14.

314 1695 462 1784 Sequitur
487 1693 674 1774 admonium
700 1716 781 1782 quae
804 1693 906 1782 primo
928 1695 1076 1782 adspectu
1105 1716 1180 1762 curn
1203 1695 1337 1781 superiori

269 1807 437 1876 cohaerere
457 1831 522 1874 non
544 1809 682 1874 ridetur:
714 1805 826 1876 Πῶντα
849 1816 957 1876 noeirs
982 1811 1078 1894 χαρὲς
1099 1813 1276 1895 γογγυσμῶν
1297 1809 1338 1874 καὶ

269 1925 490 2007 διαλυγνσμῶνε
515 1921 569 1986 sed
590 1921 730 2009 quamvis
752 1943 963 1987 nnemwsnno
987 1921 1115 2010 aliisque
1137 1921 1339 1998 concedmus
1396 1937 1397 2000 ᾗ

269 2047 354 2102 arcto
373 2056 437 2102 non
461 2033 617 2100 contineri
634 2057 734 2114 nexu,
753 2034 918 2100 monstrari
938 2047 1042 2100 tamen
1064 2015 1339 2122 potestjquomodo

269 2147 420 2235 posterior
446 2170 484 2212 ex
517 2147 614 2233 priori
642 2159 791 2236 tanquam
811 2147 1008 2214 emanaverit.
1054 2147 1250 2213 Adiectirum
1269 2147 1340 2211 eninr

269 2259 371 2330 πάντα
402 2261 446 2326 ita
475 2262 726 2351 restringendum
754 2285 834 2341 esse,
863 2274 899 2328 ut
926 2265 1035 2328 omnio
1057 2272 1180 2330 tantum
1207 2261 1338 2335 denotet,

216 2448 220 2456 ,
268 2353 352 2466 quae
361 2376 527 2466 sariendo
549 2385 643 2454 sont,
669 2400 717 2442 ros
737 2377 802 2462 ipsa
823 2378 972 2466 loquitur.
997 2379 1065 2443 lam
1082 2376 1162 2442 nihil
1179 2377 1278 2464 aptius
1288 2387 1340 2450 est,
1397 2383 1398 2430 l

267 2513 363 2579 quam
382 2490 589 2579 restringendi
604 2490 772 2556 formulam
791 2483 863 2556 oum
882 2513 1013 2558 wonrro
1033 2501 1141 2576 petere
1166 2513 1205 2554 er
1222 2511 1338 2576 praeco-

267 2605 412 2670 dentibus
428 2601 485 2690 τήν
503 2601 621 2670 ἑαυτῶν
640 2604 791 2690 σωτηρίαν
809 2600 1043 2690 κατεργάζεσθε,
1063 2614 1099 2668 ut
1118 2603 1172 2670 hle
1193 2605 1338 2692 intelliga-

266 2729 318 2780 tur
336 2716 503 2805 qur'dquid
524 2741 547 2782 α
567 2719 684 2804 quovis
701 2718 822 2780 solutis
835 2739 916 2781 auae
931 2740 1034 2812 oaaqo
1046 2718 1276 2807 peragendum
1289 2725 1337 2782 est.

265 2830 478 2896 Admonitioni
499 2829 596 2917 igitur
617 2829 755 2915 generali
777 2852 909 2907 rannus,
932 2851 995 2917 quo
1016 2831 1138 2916 plenior
1161 2831 1229 2896 eius
1247 2830 1337 2918 perle-
1398 2851 1399 2884 1

266 2945 408 3030 otiorque
428 2943 467 3008 sit
485 2941 672 3020 observatio,
693 2941 882 3028 singularem
902 2943 1019 3009 adiieit.
1062 2945 1279 3030 Interpretatio
1295 2965 1339 3008 au·

265 3069 330 3122 tem
349 3055 466 3144 pendet
484 3077 502 3128 a
518 3056 707 3142 quaestione,
720 3054 796 3140 quid
815 3057 964 3122 voeabula
986 3055 1154 3144 γοῃυσμός
1174 3070 1205 3124 et
1221 3062 1339 3142 διαλογι-

265 3168 343 3257 αμός
371 3169 556 3259 significent.
603 3167 758 3234 Nimirum
780 3169 833 3233 alii
853 3169 890 3234 iis
912 3172 1014 3236 notari
1032 3183 1144 3257 putant
1159 3179 1294 3262 pernota
1311 3172 1338 3232 in

214 3361 218 3379 ,
264 3284 391 3363 Deum,
423 3284 508 3374 quod
541 3284 604 3349 iarn
639 3284 739 3348 visum
767 3295 812 3348 est
841 3296 1088 3363 commeruere,
1122 3305 1337 3384 memnonem,

267 3401 483 3477 enuntiatum*
497 3397 603 3463 multis
621 3398 788 3474 Veterum,
809 3395 903 3460 etiam
930 3395 1120 3487 Interpreo·
1135 3421 1228 3466 vern.
1272 3395 1337 3470 Alii,

267 3515 315 3578 nti
345 3509 482 3579 onorius
508 3523 539 3576 et
562 3519 747 3588 tironatus,
779 3511 913 3575 alterum
936 3519 1113 3599 peceatum
1137 3511 1339 3597 exponuntur

269 3626 390 3706 Deum,
426 3627 559 3692 alterum
585 3634 757 3716 peceatum
788 3629 824 3690 in
856 3623 1010 3690 homines.
1060 3625 1127 3692 Alii
1157 3627 1290 3714 denique
1316 3631 1339 3684 et

268 3741 330 3808 hoo
365 3752 396 3807 et
426 3740 507 3804 illud
534 3749 709 3829 peecatum
748 3743 785 3802 in
824 3739 969 3803 hominos
1003 3739 1179 3826 significare
1219 3751 1339 3806 eonten-

270 3855 358 3921 dunt.
404 3856 443 3919 Et
471 3853 516 3919 sie
540 3854 694 3940 imprimis
715 3853 859 3939 plerique
886 3875 1011 3932 eornm,
1048 3875 1186 3940 quorum
1212 3877 1248 3920 er
1272 3848 1339 3916 iudi·
1375 3901 1378 3908 .

271 3969 320 4034 oio
352 3970 528 4034 Pronomen
560 3968 680 4035 ἑαυτῶν
709 3991 751 4032 rs.
787 3970 827 4032 12
865 3988 922 4052 pro
955 3965 1098 4055 ἀλλήλων
1123 3968 1261 4054 positum
1288 3973 1338 4036 est,

272 4083 388 4168 quippe
417 4080 492 4146 hine
522 4079 711 4165 praesidium
745 4080 842 4146 errori
871 4103 939 4176 suo
959 4091 1150 4167 quaerentes.
1199 4083 1259 4146 llos
1280 4096 1340 4140 vero
1398 4153 1399 4164 ἶ

270 4195 383 4260 frustra
404 4193 576 4284 disputare,
604 4193 667 4258 iam
686 4205 816 4280 'apparet
837 4193 926 4272 inde,
956 4194 1039 4280 quod
1065 4193 1104 4258 de
1134 4195 1340 4260 vocabulorum
1398 4241 1399 4244 ,

271 4306 396 4372 illorum
418 4308 674 4393 interpretatione
695 4330 767 4372 oum
787 4307 824 4372 iis
846 4309 1043 4374 consentiunt
1064 4329 1219 4373 uterinus
1238 4303 1339 4388 alitque
1398 4311 1399 4394 l

1397 4483 1399 4564 t
